@techreport{mell2011nist,
  abstract = {Cloud computing is an evolving paradigm. The NIST definition characterizes important aspects of cloud computing and is intended to serve as a means for broad comparisons of cloud services and deployment strategies, and to provide a baseline for discussion from what is cloud computing to how to best use cloud computing. The service and deployment models defined form a simple taxonomy that is not intended to prescribe or constrain any particular method of deployment, service delivery, or business operation.},
  address = {Gaithersburg, MD},
  author = {Mell, Peter and Grance, Timothy},
  institution = {National Institute of Standards and Technology (NIST)},
  keywords = {cloud computing definition nist},
  month = {September},
  number = {800-145},
  organization = {National Institute of Standards and Technology (NIST)},
  timestamp = {2013-03-01T12:10:43.000+0100},
  title = {{The NIST Definition of Cloud Computing}},
  %url = {http://csrc.nist.gov/publications/nistpubs/800-145/SP800-145.pdf},
  year = 2011
}

@techreport{secloud12,
  author = {G. Ortegón Cortázar and J. J. Samper-Zapater and F. García-Sánchez},
  institution = {Spanish Ministry of Economy},
  organization = {Project SeCloud},
  timestamp = {2013-03-01T12:10:43.000+0100},
  title = {{Adding Semantics to Cloud Computing to Enhance Service Discovery and Access}},  
  year = 2012
}

@techreport{deri2010,
  author = {Danh Le-Phuoc and Josiane Xavier Parreira and Michael Hausenblas and Manfred Hauswirth},
  institution = {DERI},
  organization = {DERI},
  title = {{Unifying Stream Data and Linked Open Data}},  
  year = 2010
}



@article{Huebscher:2008:SAC:1380584.1380585,
 author = {Huebscher, Markus C. and McCann, Julie A.},
 title = {{A survey of autonomic computing degrees, models, and applications}},
 journal = {ACM Comput. Surv.},
 issue_date = {August 2008},
 volume = {40},
 number = {3},
 month = aug,
 year = {2008},
 issn = {0360-0300},
 pages = {7:1--7:28},
 articleno = {7},
 numpages = {28},
% %url = {http://doi.acm.org/10.1145/1380584.1380585},
% %%doi = {10.1145/1380584.1380585},
 acmid = {1380585},
 publisher = {ACM},
 address = {New York, NY, USA},
 keywords = {Autonomic computing, self-adaptive, self-healing systems},
} 


@inproceedings{Conejero:2012:MSQ:2357487.2357591,
 author = {Conejero, Javier and Tom\'{a}s, Luis and Caminero, Blanca and Carrion, Carmen},
 title = {{Multilevel SLA-based QoS Support in Grids}},
 booktitle = {Proceedings of the 2012 IEEE 10th International Symposium on Parallel and Distributed Processing with Applications},
 series = {ISPA '12},
 year = {2012},
 isbn = {978-0-7695-4701-5},
 pages = {239--246},
 numpages = {8},
 %%url = {http://dx.doi.org/10.1109/ISPA.2012.39},
 %%%doi = {10.1109/ISPA.2012.39},
 acmid = {2357591},
 publisher = {IEEE Computer Society},
 address = {Washington, DC, USA},
 keywords = {Service Level Agreements, WS-Agreement, Scheduling in Advance, Reservation, Grids},
} 


@inproceedings{Pedersen:2011:AMQ:2114495.2115542,
 author = {Pedersen, Jens Myrup and Riaz, M. Tahir and Junior, Joaquim Celestino and Dubalski, Bozydar and Ledzinski, Damian and Patel, Ahmed},
 title = {{Assessing Measurements of QoS for Global Cloud Computing Services}},
 booktitle = {Proceedings of the 2011 IEEE Ninth International Conference on Dependable, Autonomic and Secure Computing},
 series = {DASC '11},
 year = {2011},
 isbn = {978-0-7695-4612-4},
 pages = {682--689},
 numpages = {8},
% %url = {http://dx.doi.org/10.1109/DASC.2011.120},
% %%doi = {10.1109/DASC.2011.120},
 acmid = {2115542},
 publisher = {IEEE Computer Society},
 address = {Washington, DC, USA},
 keywords = {Cloud Computing, IT Infrastructure, Quality of Service, Service Level Agreements},
} 


@inproceedings{Bolles:2008:SSE:1789394.1789438,
 author = {Bolles, Andre and Grawunder, Marco and Jacobi, Jonas},
 title = {{Streaming SPARQL extending SPARQL to process data streams}},
 booktitle = {Proceedings of the 5th European semantic web conference on The semantic web: research and applications},
 series = {ESWC'08},
 year = {2008},
 isbn = {3-540-68233-3, 978-3-540-68233-2},
 location = {Tenerife, Canary Islands, Spain},
 pages = {448--462},
 numpages = {15},
 %url = {http://dl.acm.org/citation.cfm?id=1789394.1789438},
 acmid = {1789438},
 publisher = {Springer-Verlag},
 address = {Berlin, Heidelberg},
}


@inproceedings{Barbieri:2010:EEC:1739041.1739095,
 author = {Barbieri, Davide Francesco and Braga, Daniele and Ceri, Stefano and Grossniklaus, Michael},
 title = {{An execution environment for C-SPARQL queries}},
 booktitle = {Proceedings of the 13th International Conference on Extending Database Technology},
 series = {EDBT '10},
 year = {2010},
 isbn = {978-1-60558-945-9},
 location = {Lausanne, Switzerland},
 pages = {441--452},
 numpages = {12},
 %url = {http://doi.acm.org/10.1145/1739041.1739095},
 %%doi = {10.1145/1739041.1739095},
 acmid = {1739095},
 publisher = {ACM},
 address = {New York, NY, USA},
} 


@inproceedings{Anicic:2011:EUL:1963405.1963495,
 author = {Anicic, Darko and Fodor, Paul and Rudolph, Sebastian and Stojanovic, Nenad},
 title = {{EP-SPARQL: a unified language for event processing and stream reasoning}},
 booktitle = {Proceedings of the 20th international conference on World wide web},
 series = {WWW '11},
 year = {2011},
 isbn = {978-1-4503-0632-4},
 location = {Hyderabad, India},
 pages = {635--644},
 numpages = {10},
 %url = {http://doi.acm.org/10.1145/1963405.1963495},
 %%doi = {10.1145/1963405.1963495},
 acmid = {1963495},
 publisher = {ACM},
 address = {New York, NY, USA},
 keywords = {complex event processing, etalis, rule systems, semantic web, streams},
} 

@article{Fan:2013:MBD:2481244.2481246,
 author = {Fan, Wei and Bifet, Albert},
 title = {{Mining big data: current status, and forecast to the future}},
 journal = {SIGKDD Explor. Newsl.},
 issue_date = {December 2012},
 volume = {14},
 number = {2},
 month = apr,
 year = {2013},
 issn = {1931-0145},
 pages = {1--5},
 numpages = {5},
 %url = {http://doi.acm.org/10.1145/2481244.2481246},
 %%doi = {10.1145/2481244.2481246},
 acmid = {2481246},
 publisher = {ACM},
 address = {New York, NY, USA},
}


@BOOK{BigDataManing,
   author    = {Nathan Marz and James Warren},
   title     = {{Big Data: Principles and best practices of scalable realtime data systems}},
   publisher = {Manning Publications Co.},
   edition   = {first},
   year      = {2013},
   isbn =  {9781617290343}
}


@BOOK{BigDataComputing,
   author    = {Rajendra Akerkar},
   title     = {{Big Data Computing}},
   publisher = {Taylor \& Francis Group/CRC Press},
   edition   = {first},
   year      = {2013},
   isbn =  {978-1-46-657837-1}
}

@article{RodriGuez-GonzaLez:2012:UAP:2350799.2350907,
 author = {Rodr\'{\i}guez-Gonz\'{a}lez, Alejandro and Torres-Ni\~{n}o, Javier and Hern\'{a}ndez-Chan, Gandhi and Jim{\'e}nez-Domingo, Enrique and Alvarez-Rodr\'{\i}guez, Jose Maria},
 title = {{Using agents to parallelize a medical reasoning system based on ontologies and description logics as an application case}},
 journal = {Expert Syst. Appl.},
 issue_date = {December, 2012},
 volume = {39},
 number = {18},
 month = dec,
 year = {2012},
 issn = {0957-4174},
 pages = {13085--13092},
 numpages = {8},
 %url = {http://dx.doi.org/10.1016/j.eswa.2012.05.093},
 %%doi = {10.1016/j.eswa.2012.05.093},
 acmid = {2350907},
 publisher = {Pergamon Press, Inc.},
 address = {Tarrytown, NY, USA},
 keywords = {Distributed, Expert system, Medical diagnosis, Ontologies, Parallel, Reasoning, Semantic web},
} 


@article{Garcia-Sanchez:2010:ASS:1852403.1852409,
 author = {Garcia-Sanchez, Francisco and Fernandez-Breis, Eneko and Valencia-Garcia, Rafael and Jimenez, Enrique and Gomez, Juan M. and Torres-Ni\~{n}o, Javier and Martinez-Maqueda, Daniel},
 title = {{Adding semantics to software-as-a-service and cloud computing}},
 journal = {W. Trans. on Comp.},
 issue_date = {February 2010},
 volume = {9},
 number = {2},
 month = feb,
 year = {2010},
 issn = {1109-2750},
 pages = {154--163},
 numpages = {10},
 %url = {http://dl.acm.org/citation.cfm?id=1852403.1852409},
 acmid = {1852409},
 publisher = {World Scientific and Engineering Academy and Society (WSEAS)},
 address = {Stevens Point, Wisconsin, USA},
 keywords = {business process management, cloud computing, semantic technology, software-as-a-service},
} 


@inproceedings{Bizer:2011:EWG:2075914.2075915,
 author = {Bizer, Christian},
 title = {{Evolving the web into a global data space}},
 booktitle = {Proceedings of the 28th British national conference on Advances in databases},
 series = {BNCOD'11},
 year = {2011},
 isbn = {978-3-642-24576-3},
 location = {Manchester, UK},
 pages = {1--1},
 numpages = {1},
 %url = {http://dl.acm.org/citation.cfm?id=2075914.2075915},
 acmid = {2075915},
 publisher = {Springer-Verlag},
 address = {Berlin, Heidelberg},
} 

% 
@misc{Kephart2012,
  author = {Nicholas Kephart},
  title = {{Six Must-Have Cloud Management Features}},
  year = 2012,
  timestamp = {2012-02-06},
  month = {jul}
}


@TechReport{OASISCamp,
  author =       {Martin Chapman and Adrian Otto},
  title =        {{OASIS Cloud Application Management for Platforms (CAMP)}},
  institution =  {OASIS},
  year =         {2012},
  type = {{OASIS} TC},
  url = {https://www.oasis-open.org/committees/tc_home.php?wg_abbrev=camp}
}


@inproceedings{Armstrong17,
  title={{Towards quality of service in the cloud}},
  author={Armstrong, Django and Djemame, Karim},
  booktitle={Proc. of the 25th UK Performance Engineering Workshop},
  year={2009}
}



@misc{Berners-Lee-2006,
  author = {Berners-Lee, Tim},
  title = {{Linked Data}},
  url = {http://www.w3.org/DesignIssues/LinkedData.html},
  year = 2006,
  month = {jul}
}

@book{Heath_Bizer_2011, 
 title={{Linked Data: Evolving the Web into a Global Data Space}},
 volume={1}, 
 url={http://www.morganclaypool.com/doi/abs/10.2200/S00334ED1V01Y201102WBE001}, 
 number={1}, 
 journal={Synthesis Lectures on the Semantic Web Theory and Technology}, 
 publisher={Morgan \& Claypool}, 
 author={Tom Heath and Christian Bizer}, 
 editor={Van Harmelen, Frank and Hendler, JamesEditors}, 
 year={2011}, 
 pages={1--136}
}

@article{DBLP:journals/jucs/RodriguezRMPGP12,
  author    = {Miguel Garc\'{\i}a Rodr\'{\i}guez and
               Jose Mar\'{\i}a {\'A}lvarez Rodr\'{\i}guez and
               Diego Berrueta Mu{\~n}oz and
               Luis Polo Paredes and
               Jos{\'e} Emilio Labra Gayo and
               Patricia Ord{\'o}{\~n}ez de Pablos},
  title     = {{Towards a Practical Solution for Data Grounding in a Semantic Web Services Environment}},
  journal   = {J. UCS},
  volume    = {18},
  number    = {11},
  year      = {2012},
  pages     = {1576-1597},
  ee        = {http://www.jucs.org/jucs_18_11/towards_a_practical_solution},
  bibsource = {DBLP, http://dblp.uni-trier.de}
}


@inproceedings{Pernas:2005:UOD:1068510.1069326,
 author = {Pernas, A. M. and Dantas, M. A.  R.},
 title = {{Using Ontology for Description of Grid Resources}},
 booktitle = {Proceedings of the 19th International Symposium on High Performance Computing Systems and Applications},
 series = {HPCS '05},
 year = {2005},
 isbn = {0-7695-2343-9},
 pages = {223--229},
 numpages = {7},
 %url = {http://dx.doi.org/10.1109/HPCS.2005.58},
 %%doi = {10.1109/HPCS.2005.58},
 acmid = {1069326},
 publisher = {IEEE Computer Society},
 address = {Washington, DC, USA},
}

@inproceedings{Klein:2012:TNS:2187836.2187965,
 author = {Klein, Adrian and Ishikawa, Fuyuki and Honiden, Shinichi},
 title = {{Towards network-aware service composition in the cloud}},
 booktitle = {Proceedings of the 21st international conference on World Wide Web},
 series = {WWW '12},
 year = {2012},
 isbn = {978-1-4503-1229-5},
 location = {Lyon, France},
 pages = {959--968},
 numpages = {10},
 %url = {http://doi.acm.org/10.1145/2187836.2187965},
 %%doi = {10.1145/2187836.2187965},
 acmid = {2187965},
 publisher = {ACM},
 address = {New York, NY, USA},
 keywords = {QoS, cloud, network, optimization, service composition, web services},
}

@INPROCEEDINGS{5682131, 
author={Carapinha, J. and Bless, R. and Werle, C. and Miller, K. and Dobrota, V. and Rus, A.B. and Grob-Lipski, H. and Roessler, H.}, 
booktitle={Kaleidoscope: Beyond the Internet? - Innovations for Future Networks and Services, 2010 ITU-T}, 
title={{Quality of service in the Future Internet}}, 
year={2010}, 
pages={1-8}, 
}



%[17] D. Armstrong, K. Djemame, Towards Quality of Service in the Cloud. FIXME

@inproceedings{DBLP:conf/gecon/KavanaghD12,
  author    = {Richard E. Kavanagh and
               Karim Djemame},
  title     = {{The ISQoS Grid Broker for Temporal and Budget Guarantees}},
  booktitle = {GECON},
  year      = {2012},
  pages     = {76-90},
  ee        = {http://dx.doi.org/10.1007/978-3-642-35194-5_6},
  crossref  = {DBLP:conf/gecon/2012},
  bibsource = {DBLP, http://dblp.uni-trier.de}
}


@inproceedings{Lopes:2006:PEM:1135771.1136110,
 author = {Lopes, J. G.  R.  C. and Melo, Alba Cristina Magalhaes Alves and Dantas, M. A.  R. and Ralha, Celia Ghedini},
 title = {{A Proposal and Evaluation of a Mechanism for Grid Ontology Merge}},
 booktitle = {Proceedings of the 20th International Symposium on High-Performance Computing in an Advanced Collaborative Environment},
 series = {HPCS '06},
 year = {2006},
 isbn = {0-7695-2582-2},
 pages = {2--},
 %url = {http://dx.doi.org/10.1109/HPCS.2006.7},
 %%doi = {10.1109/HPCS.2006.7},
 acmid = {1136110},
 publisher = {IEEE Computer Society},
 address = {Washington, DC, USA},
} 


@inproceedings{Ejarque:2008:USR:1443230.1444322,
 author = {Ejarque, Jorge and Palol, Marc de and Goiri, Inigo and Julia, Ferran and Guitart, Jordi and Torres, Jordi and Badia, Rosa M.},
 title = {{Using Semantics for Resource Allocation in Computing Service Providers}},
 booktitle = {Proceedings of the 2008 IEEE International Conference on Services Computing - Volume 2},
 series = {SCC '08},
 year = {2008},
 isbn = {978-0-7695-3283-7-02},
 pages = {583--587},
 numpages = {5},
 %url = {http://dx.doi.org/10.1109/SCC.2008.152},
 %%doi = {10.1109/SCC.2008.152},
 acmid = {1444322},
 publisher = {IEEE Computer Society},
 address = {Washington, DC, USA},
 keywords = {Semantic Grid, Resource Allocation, Task Scheduling, Semantic Web, Virtualization, Service Providers, BREIN},
} 




@INPROCEEDINGS{2009gdc..conf..221Y,
   author = {{Yoo}, H. and {Hur}, C. and {Kim}, S. and {Kim}, Y.},
    title = {{An Ontology-Based Resource Selection Service on Science Cloud}},
 keywords = {Ontology, Resource Selection, Semantic, Science Cloud, Cloud computing},
booktitle = {Grid and Distributed Computing, Communications in Computer and Information Science},
     year = 2009,
     pages={221},
     volume={63},
   editor = {{{\'S}l{\c e}zak}, D. and {Kim}, T.-H. and {Yau}, S.~S. and {Gervasi}, O. and {Kang}, B.-H.},
      %%doi = {10.1007/978-3-642-10549-4_26}
}


@inproceedings{Cortazar:2012:ASC:2261605.2261639,
 author = {Cort\'{a}zar, Giovanni Orteg\'{o}n and Zapater, Jos{\'e} Javier Samper and S\'{a}nchez, Francisco Garc\'{\i}a},
 title = {{Adding semantics to cloud computing to enhance service discovery and access}},
 booktitle = {Proceedings of the 6th Euro American Conference on Telematics and Information Systems},
 series = {EATIS '12},
 year = {2012},
 isbn = {978-1-4503-1012-3},
 location = {Valencia, Spain},
 pages = {231--236},
 numpages = {6},
 %url = {http://doi.acm.org/10.1145/2261605.2261639},
 %%doi = {10.1145/2261605.2261639},
 acmid = {2261639},
 publisher = {ACM},
 address = {New York, NY, USA},
 keywords = {cloud computing, ontologies, semantic technology, service annotation, service discovery},
} 


@incollection{rule-2013-resource-provisioning,
year={2013},
isbn={978-3-642-35460-1},
booktitle={New Paradigms in Internet Computing},
volume={203},
series={Advances in Intelligent Systems and Computing},
editor={Patnaik, Srikanta and Tripathy, Piyu and Naik, Sagar},
title={{A Rule-Based Approach for Effective Resource Provisioning in Hybrid Cloud Environment}},
publisher={Springer Berlin Heidelberg},
author={Grewal, RajkamalKaur and Pateriya, PushpendraKumar},
pages={41-57}
}



@inproceedings{DBLP:conf/gecon/ZhangRNMH12,
  author    = {Miranda Zhang and
               Rajiv Ranjan and
               Surya Nepal and
               Michael Menzel and
               Armin Haller},
  title     = {{A Declarative Recommender System for Cloud Infrastructure Services Selection}},
  booktitle = {GECON},
  year      = {2012},
  pages     = {102-113},
  bibsource = {DBLP, http://dblp.uni-trier.de}
}


@inproceedings{DBLP:conf/fia/TrakadasLZKS13,
  author    = {Panagiotis Trakadas and
               Helen-Catherine Leligou and
               Theodore Zahariadis and
               Panagiotis Karkazis and
               Lambros Sarakis},
  title     = {{Managing QoS for Future Internet Applications over Virtual Sensor Networks}},
  booktitle = {Future Internet Assembly},
  year      = {2013},
  pages     = {52-63},
  ee        = {http://dx.doi.org/10.1007/978-3-642-38082-2_5},
  crossref  = {DBLP:conf/fia/2013},
  bibsource = {DBLP, http://dblp.uni-trier.de}
}


@inproceedings{DBLP:conf/soca/ChenL10,
  author    = {Hao-peng Chen and Shao-chong Li},
  title     = {{SRC: A service registry on cloud providing behavior-aware and QoS-aware service discovery}},
  booktitle = {SOCA},
  year      = {2010},
  pages     = {1-4},
  ee        = {http://dx.doi.org/10.1109/SOCA.2010.5707179},
  bibsource = {DBLP, http://dblp.uni-trier.de}
}


@incollection{cloudle,
year={2011},
isbn={978-3-642-24395-0},
booktitle={Web Information Systems Engineering – WISE 2010 Workshops},
volume={6724},
series={Lecture Notes in Computer Science},
editor={Chiu, DicksonK.W. and Bellatreche, Ladjel and Sasaki, Hideyasu and Leung, Ho-fung and Cheung, Shing-Chi and Hu, Haiyang and Shao, Jie},
title={{Cloudle: An Ontology-Enhanced Cloud Service Search Engine}},
publisher={Springer Berlin Heidelberg},
author={Kang, Jaeyong and Sim, KwangMong},
pages={416-427}
}

@INPROCEEDINGS{5961913, 
author={Jaeyong Kang and Kwang-Mong Sim}, 
booktitle={System Science and Engineering (ICSSE), 2011 International Conference on}, 
title={{Ontology and search engine for cloud computing system}}, 
year={2011}, 
pages={276-281}, 
keywords={Web services;cloud computing;inference mechanisms;ontologies (artificial intelligence);search engines;CO-1;CO-2;Cloudle;cloud computing system;cloud ontologies;cloud services;concept similarity reasoning;datatype property similarity reasoning;object property similarity reasoning;search engine;Cloud computing;Cognition;Computer architecture;Information filters;OWL;Ontologies;Search engines;Cloud Computing;Cloud Ontology;Information retrieval;Search Engines}, 
doi={10.1109/ICSSE.2011.5961913},}

@INPROCEEDINGS{6206823, 
author={Nelson, V. and Uma, V.}, 
booktitle={Recent Trends In Information Technology (ICRTIT), 2012 International Conference on}, 
title={{Semantic based Resource Provisioning and scheduling in inter-cloud environment}}, 
year={2012}, 
pages={250-254}, 
keywords={cloud computing;inference mechanisms;ontologies (artificial intelligence);open systems;resource allocation;IRPS;cloud environment;cloud providers;cloud systems;inference rules;inter-cloud resource provisioning system;interoperability;management policies;resource ontology;semantic based resource provisioning;semantic based resource scheduling;semantic scheduler;Cloud computing;Engines;Ontologies;Resource description framework;Resource management;Scheduling;Semantics;Intercloud;inference;meta - data repository;ontology;resource sharing;sceduling;semantics}, 
doi={10.1109/ICRTIT.2012.6206823},}




@inproceedings{Buyya:2010:IUF:2143583.2143586,
 author = {Buyya, Rajkumar and Ranjan, Rajiv and Calheiros, Rodrigo N.},
 title = {{InterCloud: utility-oriented federation of cloud computing environments for scaling of application services}},
 booktitle = {Proceedings of the 10th international conference on Algorithms and Architectures for Parallel Processing - Volume Part I},
 series = {ICA3PP'10},
 year = {2010},
 isbn = {3-642-13118-2, 978-3-642-13118-9},
 location = {Busan, Korea},
 pages = {13--31},
 numpages = {19},
 publisher = {Springer-Verlag},
 address = {Berlin, Heidelberg},
} 


@inproceedings{Koperek:2011:DBM:2352045.2352066,
 author = {Koperek, Pawel and Funika, Wodzimierz},
 title = {{Dynamic business metrics-driven resource provisioning in cloud environments}},
 booktitle = {Proceedings of the 9th international conference on Parallel Processing and Applied Mathematics - Volume Part II},
 series = {PPAM'11},
 year = {2012},
 isbn = {978-3-642-31499-5},
 location = {Torun, Poland},
 pages = {171--180},
 numpages = {10},
 %url = {http://dx.doi.org/10.1007/978-3-642-31500-8_18},
 %%doi = {10.1007/978-3-642-31500-8_18},
 acmid = {2352066},
 publisher = {Springer-Verlag},
 address = {Berlin, Heidelberg},
 keywords = {Esper, SAMM, automatic scaling, cloud computing},
}

@inproceedings {fg-2266,
	title = {{Scalable Resource Provisioning in the Cloud Using Business Metrics}},
	journal = {Advanced Engineering Computing and Applications in Sciences},
	year = {2011},
	keywords = {cloud computing, Scaling},
	%url = {http://ns1.academicroom.com/article/scalable-resource-provisioning-cloud-using-business-metrics},
	author = {Wlodzimierz Funika and Pawel Koperek}
}

%[30] Esper Project website, (access: 25.02.2012)

@Misc{esper-project,
author = {ESPER Project},
title = {{ESPER Project}},
month = may,
year = {2013},
url = {http://esper.codehaus.org/}
}


@inproceedings{dosSantosTeixeira:2010:DSA:1774088.1774434,
 author = {dos Santos Teixeira, Pedro Henriques and Milidi\'{u}, Ruy Luiz},
 title = {{Data stream anomaly detection through principal subspace tracking}},
 booktitle = {Proceedings of the 2010 ACM Symposium on Applied Computing},
 series = {SAC '10},
 year = {2010},
 isbn = {978-1-60558-639-7},
 location = {Sierre, Switzerland},
 pages = {1609--1616},
 numpages = {8},
 %url = {http://doi.acm.org/10.1145/1774088.1774434},
 %%doi = {10.1145/1774088.1774434},
 acmid = {1774434},
 publisher = {ACM},
 address = {New York, NY, USA},
 keywords = {anomaly detection, data streams, dimensionality reduction, time series, unsupervised learning},
} 



@incollection{srt-15,
year={2012},
isbn={978-3-642-29736-6},
booktitle={Euro-Par 2011: Parallel Processing Workshops},
volume={7155},
series={Lecture Notes in Computer Science},
editor={Alexander, Michael and D’Ambra, Pasqua and Belloum, Adam and Bosilca, George and Cannataro, Mario and Danelutto, Marco and Martino, Beniamino and Gerndt, Michael and Jeannot, Emmanuel and Namyst, Raymond and Roman, Jean and Scott, StephenL. and Traff, JesperLarsson and Vallée, Geoffroy and Weidendorfer, Josef},
title={{QoS Monitoring in a Cloud Services Environment: The SRT-15 Approach}},
publisher={Springer Berlin Heidelberg},
author={Cicotti, Giuseppe and Coppolino, Luigi and Cristaldi, Rosario and D’Antonio, Salvatore and Romano, Luigi},
pages={15-24}
}


@inproceedings{sb:2007:phdsymposium,
  added-at = {2007-11-15T17:45:20.000+0100},
  address = {Vienna, Austria},
  author = {Bleul, Steffen},
  bib%url = {http://www.bibsonomy.org/bibtex/233f5c94fbf5437c13b390b8d6bacb1bc/stbleul},
  booktitle = {IBM PhD Student Symposium at ICSOC 2007},
  editor = {Dumitras, Tudor and Hanemann, Andreas and Kratz, Benedikt and Pathak, Jyotishman},
  interhash = {11045ae31bbb4db8b66c8277baa71567},
  intrahash = {33f5c94fbf5437c13b390b8d6bacb1bc},
  keywords = {2007 Bleul Ontology QoS SOA Self-Management Semantic Steffen},
  month = {September},
  publisher = {IBM Research Devision},
  timestamp = {2007-11-15T17:45:20.000+0100},
  title = {{Quality-aware Self-Management for Service Processes in Service-Oriented Architectures}},
  year = 2007
}

 @THESIS{anastasi2011,
      author = {Gaetano Anastasi},
      title = {Quality of Service Management in Service Oriented Architectures},
      institution = {Scuola Superiore Sant'Anna},
      year = {2011},
      type = {{Ph.D. Thesis}},      
    }

@article{cucinottaSOA_IA09,
    abstract = {{Industrial automation platforms are experiencing a paradigm shift. New technologies are making their way in the area, including embedded real-time systems, standard local area networks like Ethernet, Wi-Fi and ZigBee, IP-based communication protocols, standard service oriented architectures (SOAs) and Web services. An automation system will be composed of flexible autonomous components with plug \& play functionality, self configuration and diagnostics, and autonomic local control that communicate through standard networking technologies. However, the introduction of these new technologies raises important problems that need to be properly solved, one of these being the need to support real-time and quality-of-service (QoS) for real-time applications. This paper describes a SOA enhanced with real-time capabilities for industrial automation. The proposed architecture allows for negotiation of the QoS requested by clients from Web services, and provides temporal encapsulation of individual 
activities. This way, it is possible to perform an}},
    author = {Cucinotta, T. and Mancina, A. and Anastasi, G. F. and Lipari, G. and Mangeruca, L. and Checcozzo, R. and Rusina, F.},
    citeulike-article-id = {6258665},
    citeulike-linkout-0 = {http://dx.doi.org/10.1109/tii.2009.2027013},
    citeulike-linkout-1 = {http://ieeexplore.ieee.org/xpls/abs\_all.jsp?arnumber=5173504},
    day = {24},
    %%doi = {10.1109/tii.2009.2027013},
    institution = {Real-Time Syst. Lab., Scuola Superiore Sant'Anna, Pisa, Italy},
    issn = {1551-3203},
    journal = {Industrial Informatics, IEEE Transactions on},
    keywords = {automation, pj\_wsplc},
    month = aug,
    number = {3},
    pages = {267--277},
    posted-at = {2009-12-01 21:31:31},
    priority = {2},
    publisher = {IEEE},
    title = {{A Real-Time Service-Oriented Architecture for Industrial Automation}},
    %url = {http://dx.doi.org/10.1109/tii.2009.2027013},
    volume = {5},
    year = {2009}
}{qos-taxonomy,
author={A.V. Dastjerdi and R. Buyya},
title={{A Taxonomy of QoS Management and Service Selection Methodologies for Cloud Computing}}
year="2011",
url={\url{http://www.cloudbus.org/papers/QoSTaxonomyCloud2011.pdf}}
}


@inproceedings{Konstanteli:2009:RGF:1632706.1633120,
 author = {Konstanteli, Kleopatra and Kyriazis, Dimosthenis and Varvarigou, Theodora and Cucinotta, Tommaso and Anastasi, Gaetano},
 title = {{Real-Time Guarantees in Flexible Advance Reservations}},
 booktitle = {Proceedings of the 2009 33rd Annual IEEE International Computer Software and Applications Conference - Volume 02},
 series = {COMPSAC '09},
 year = {2009},
 isbn = {978-0-7695-3726-9},
 pages = {67--72},
 numpages = {6},
 %url = {http://dx.doi.org/10.1109/COMPSAC.2009.117},
 %%doi = {10.1109/COMPSAC.2009.117},
 acmid = {1633120},
 publisher = {IEEE Computer Society},
 address = {Washington, DC, USA},
 keywords = {advance reservation, resource management, real- time CPU scheduling},
} 

@inproceedings{DBLP:conf/compsac/CucinottaAA09,
  author    = {Tommaso Cucinotta and
               Gaetano Anastasi and
               Luca Abeni},
  title     = {{Respecting Temporal Constraints in Virtualised Services}},
  booktitle = {COMPSAC (2)},
  year      = {2009},
  pages     = {73-78},
  ee        = {http://dx.doi.org/10.1109/COMPSAC.2009.118},
  bibsource = {DBLP, http://dblp.uni-trier.de}
}


@inproceedings{DBLP:conf/compsac/CucinottaAA10,
  author    = {Tommaso Cucinotta and Spyridon Gogouvitis and Kleopatra Konstanteli},
  title     = {{SLAs in Virtualized Cloud Computing Infrastructures with QoS Assurance}},
  booktitle = {Proceedings of the International Workshop on eContracting in the Clouds, co-located with the eChallenges 2011 Conference},
  year      = {2011}
  
}
@inproceedings{Van:2009:SVR:1673076.1674142,
 author = {Van, Hien Nguyen and Tran, Frederic Dang and Menaud, Jean-Marc},
 title = {{SLA-Aware Virtual Resource Management for Cloud Infrastructures}},
 booktitle = {Proceedings of the 2009 Ninth IEEE International Conference on Computer and Information Technology - Volume 02},
 series = {CIT '09},
 year = {2009},
 isbn = {978-0-7695-3836-5},
 pages = {357--362},
 numpages = {6},
 %url = {http://dx.doi.org/10.1109/CIT.2009.109},
 %%doi = {10.1109/CIT.2009.109},
 acmid = {1674142},
 publisher = {IEEE Computer Society},
 address = {Washington, DC, USA},
 keywords = {resource, virtualization, service, cloud computing},
} 

@inproceedings{Mabrouk:2009:SEQ:1564601.1564724,
 author = {Mabrouk, Nebil Ben and Georgantas, Nikolaos and Issarny, Valerie},
 title = {{A semantic end-to-end QoS model for dynamic service oriented environments}},
 booktitle = {Proceedings of the 2009 ICSE Workshop on Principles of Engineering Service Oriented Systems},
 series = {PESOS '09},
 year = {2009},
 isbn = {978-1-4244-3716-0},
 pages = {34--41},
 numpages = {8},
 %url = {http://dx.doi.org/10.1109/PESOS.2009.5068817},
 %%doi = {10.1109/PESOS.2009.5068817},
 acmid = {1564724},
 publisher = {IEEE Computer Society},
 address = {Washington, DC, USA},
}


@article{Maximilien:2004:FOD:1024866.1025003,
 author = {Maximilien, E. Michael and Singh, Munindar P.},
 title = {{A Framework and Ontology for Dynamic Web Services Selection}},
 journal = {IEEE Internet Computing},
 issue_date = {September 2004},
 volume = {8},
 number = {5},
 month = sep,
 year = {2004},
 issn = {1089-7801},
 pages = {84--93},
 numpages = {10},
 %url = {http://dx.doi.org/10.1109/MIC.2004.27},
 %%doi = {10.1109/MIC.2004.27},
 acmid = {1025003},
 publisher = {IEEE Educational Activities Department},
 address = {Piscataway, NJ, USA},
 keywords = {65, QoS, Web services, Web services, agents, QoS, agents},
} 







@article{Kim:2007:MWS:1359823.1359827,
 author = {Kim, Henry M. and Sengupta, Arijit and Evermann, Joerg},
 title = {{MOQ: Web services ontologies for QoS and general quality evaluations}},
 journal = {Int. J. Metadata Semant. Ontologies},
 issue_date = {March 2007},
 volume = {2},
 number = {3},
 month = mar,
 year = {2007},
 issn = {1744-2621},
 pages = {195--200},
 numpages = {6},
 %url = {http://dx.doi.org/10.1504/IJMSO.2007.017612},
 %%doi = {10.1504/IJMSO.2007.017612},
 acmid = {1359827},
 publisher = {Inderscience Publishers},
 address = {Inderscience Publishers, Geneva, SWITZERLAND},
} 


@inproceedings{Dobson:2005:QQO:1090946.1091252,
 author = {Dobson, Glen and Lock, Russell and Sommerville, Ian},
 title = {{QoSOnt: a QoS Ontology for Service-Centric Systems}},
 booktitle = {Proceedings of the 31st EUROMICRO Conference on Software Engineering and Advanced Applications},
 series = {EUROMICRO '05},
 year = {2005},
 isbn = {0-7695-2431-1},
 pages = {80--87},
 numpages = {8},
 %url = {http://dx.doi.org/10.1109/EUROMICRO.2005.49},
 %%doi = {10.1109/EUROMICRO.2005.49},
 acmid = {1091252},
 publisher = {IEEE Computer Society},
 address = {Washington, DC, USA},
} 


@inproceedings{Papaioannou:2006:QOL:1129027.1129054,
 author = {Papaioannou, Ioannis V. and Tsesmetzis, Dimitrios T. and Roussaki, Ioanna G. and Anagnostou, Miltiades E.},
 title = {{A QoS Ontology Language for Web-Services}},
 booktitle = {Proceedings of the 20th International Conference on Advanced Information Networking and Applications - Volume 01},
 series = {AINA '06},
 year = {2006},
 isbn = {0-7695-2466-4-01},
 pages = {101--106},
 numpages = {6},
 %url = {http://dx.doi.org/10.1109/AINA.2006.51},
 %%doi = {10.1109/AINA.2006.51},
 acmid = {1129054},
 publisher = {IEEE Computer Society},
 address = {Washington, DC, USA},
} 


@inproceedings{Dobson:2006:TUQ:1173701.1174285,
 author = {Dobson, Glen and Sanchez-Macian, Alfonso},
 title = {{Towards Unified QoS/SLA Ontologies}},
 booktitle = {Proceedings of the IEEE Services Computing Workshops},
 series = {SCW '06},
 year = {2006},
 isbn = {0-7695-2681-0},
 pages = {169--174},
 numpages = {6},
 %url = {http://dx.doi.org/10.1109/SCW.2006.40},
 %%doi = {10.1109/SCW.2006.40},
 acmid = {1174285},
 publisher = {IEEE Computer Society},
 address = {Washington, DC, USA},
} 


@inproceedings{Marchetti:2004:QMM:1013367.1013377,
 author = {Marchetti, Carlo and Pernici, Barbara and Plebani, Pierluigi},
 title = {{A quality model for multichannel adaptive information}},
 booktitle = {Proceedings of the 13th international World Wide Web conference on Alternate track papers \& posters},
 series = {WWW Alt. '04},
 year = {2004},
 isbn = {1-58113-912-8},
 location = {New York, NY, USA},
 pages = {48--54},
 numpages = {7},
 %url = {http://doi.acm.org/10.1145/1013367.1013377},
 %%doi = {10.1145/1013367.1013377},
 acmid = {1013377},
 publisher = {ACM},
 address = {New York, NY, USA},
 keywords = {model, quality of service},
}


@article{Resta:2008:WIQ:1340085.1340215,
 author = {Resta, Giovanni and Santi, Paolo},
 title = {{WiQoSM: An Integrated QoS-Aware Mobility and User Behavior Model for Wireless Data Networks}},
 journal = {IEEE Transactions on Mobile Computing},
 issue_date = {February 2008},
 volume = {7},
 number = {2},
 month = feb,
 year = {2008},
 issn = {1536-1233},
 pages = {187--198},
 numpages = {12},
 %url = {http://dx.doi.org/10.1109/TMC.2007.70728},
 %%doi = {10.1109/TMC.2007.70728},
 acmid = {1340215},
 publisher = {IEEE Educational Activities Department},
 address = {Piscataway, NJ, USA},
 keywords = {Mobility modeling, Mobility modeling, user behavior modeling, QoS-driven mobility, wireless data networks, QoS-driven mobility, user behavior modeling, wireless data networks},
} 

@inproceedings{DBLP:conf/woa/Talia11,
  author    = {Domenico Talia},
  title     = {{Cloud Computing and Software Agents: Towards Cloud Intelligent Services}},
  booktitle = {WOA},
  year      = {2011},
  pages     = {2-6},
  ee        = {http://ceur-ws.org/Vol-741/INV02_Talia.pdf},
  bibsource = {DBLP, http://dblp.uni-trier.de}
}

@inproceedings{Haase:2010:STE:1940334.1940342,
 author = {Haase, Peter and Math\"{a}\ss, Tobias and Schmidt, Michael and Eberhart, Andreas and Walther, Ulrich},
 title = {{Semantic technologies for enterprise cloud management}},
 booktitle = {Proceedings of the 9th international semantic web conference on The semantic web - Volume Part II},
 series = {ISWC'10},
 year = {2010},
 isbn = {3-642-17748-4, 978-3-642-17748-4},
 location = {Shanghai, China},
 pages = {98--113},
 numpages = {16},
 %url = {http://dl.acm.org/citation.cfm?id=1940334.1940342},
 acmid = {1940342},
 publisher = {Springer-Verlag},
 address = {Berlin, Heidelberg},
} 


@inproceedings{Mabrouk:2009:QSC:1656980.1656990,
 author = {Nebil Ben Mabrouk and Sandrine Beauche and Elena Kuznetsova and Nikolaos Georgantas and Val{\'e}rie Issarny},
 title = {{QoS-aware service composition in dynamic service oriented environments}},
 booktitle = {Proceedings of the 10th ACM/IFIP/USENIX International Conference on Middleware},
 series = {Middleware '09},
 year = {2009},
 location = {Urbanna, Illinois},
 pages = {7:1--7:20},
 articleno = {7},
 numpages = {20},
 %url = {http://dl.acm.org/citation.cfm?id=1656980.1656990},
 acmid = {1656990},
 publisher = {Springer-Verlag New York, Inc.},
 address = {New York, NY, USA},
} 


@inproceedings{Cretella:2012:UMS:2428736.2428805,
 author = {Cretella, Giuseppina and Di Martino, Beniamino and Stankovski, Vlado},
 title = {{Using the mOSAIC's semantic engine to design and develop civil engineering cloud applications}},
 booktitle = {Proceedings of the 14th International Conference on Information Integration and Web-based Applications \&\#38; Services},
 series = {IIWAS '12},
 year = {2012},
 isbn = {978-1-4503-1306-3},
 location = {Bali, Indonesia},
 pages = {378--386},
 numpages = {9},
 %url = {http://doi.acm.org/10.1145/2428736.2428805},
 %%doi = {10.1145/2428736.2428805},
 acmid = {2428805},
 publisher = {ACM},
 address = {New York, NY, USA},
 keywords = {OWL, application development, cloud, ontology, semantics},
} 


@inproceedings{Nathuji:2010:QMP:1755913.1755938,
 author = {Nathuji, Ripal and Kansal, Aman and Ghaffarkhah, Alireza},
 title = {{Q-clouds: managing performance interference effects for QoS-aware clouds}},
 booktitle = {Proceedings of the 5th European conference on Computer systems},
 series = {EuroSys '10},
 year = {2010},
 isbn = {978-1-60558-577-2},
 location = {Paris, France},
 pages = {237--250},
 numpages = {14},
 %url = {http://doi.acm.org/10.1145/1755913.1755938},
 %%doi = {10.1145/1755913.1755938},
 acmid = {1755938},
 publisher = {ACM},
 address = {New York, NY, USA},
 keywords = {cloud computing, resource management, virtualization},
}

%[50],, International Journal of Grid and Distributed Computing Vol.3, No.1. (2010).


@article{DBLP:journals/ijguc/Chang11,
  author    = {Hyukho Kim and Hana Lee and Woongsup Kim and Yangwoo Kim},
  title     = {{A Trust Evaluation Model for QoS Guarantee in Cloud Systems}},
  journal   = {IJGUC},
  volume    = {3},
  number    = {1},
  year      = {2010}
}



@INPROCEEDINGS{6468253, 
author={Jundian Song and Shaohua Zhang and Yanxue Gong and Bingrong Dai}, 
booktitle={e-Business Engineering (ICEBE), 2012 IEEE Ninth International Conference on}, 
title={{A QoS Evaluation Model for Test-Bed in the Cloud Computing Environment}}, 
year={2012}, 
pages={292-295}, 
keywords={cloud computing;program testing;quality of service;QoS evaluation model;QoS parameter determination;cloud computing environment;evaluation index system;objective index;optimal services;quality of service;subjective index;test-bed;third-party index;utility function;Cloud computing;Computational modeling;Indexes;Quality of service;Security;Stability criteria;IT service management (ITSM);Test-Bed;cloud computing;quality of service (QoS)}, 
doi={10.1109/ICEBE.2012.54},}


%[51] P.M. Dew, S. Nizamani, QAComPS: A Quality-aware Federated Computational Semantic Web Service for Computational  Modellers. World Comp. (2011).

@article{dewqacomps,
  title={{QAComPS: A Quality-aware Federated Computational Semantic Web Service for Computational Modellers}},
  author={Dew, Peter M and Nizamani, Shahzad},
  url={http://weblidi.info.unlp.edu.ar/worldcomp2011-mirror/SWW3720.pdf}
}

@book{nizamani2012quality,
  title={{A Quality-aware Cloud Selection Service for Computational Modellers}},
  author={Nizamani, S.A.},
  url={http://books.google.gr/books?id=wcrJmAEACAAJ},
  year={2012},
  publisher={University of Leeds (School of Computing)}
}

@misc{qos-taxonomy,
author={A.V. Dastjerdi and R. Buyya},
title={{A Taxonomy of QoS Management and Service Selection Methodologies for Cloud Computing}},
year={2011},
url={http://www.cloudbus.org/papers/QoSTaxonomyCloud2011.pdf}
}


@inproceedings{DBLP:conf/ic/BernsteinV10,
  author    = {David Bernstein and
               Deepak Vij},
  title     = {{Using Semantic Web Ontology for Intercloud Directories and
               Exchanges}},
  booktitle = {International Conference on Internet Computing},
  year      = {2010},
  pages     = {18-24},
  bibsource = {DBLP, http://dblp.uni-trier.de}
}


@inproceedings{Wu:2009:CQS:1696051.1696105,
 author = {Wu, Qinyi and Iyengar, Arun and Subramanian, Revathi and Rouvellou, Isabelle and Silva-Lepe, Ignacio and Mikalsen, Thomas},
 title = {{Combining Quality of Service and Social Information for Ranking Services}},
 booktitle = {Proceedings of the 7th International Joint Conference on Service-Oriented Computing},
 series = {ICSOC-ServiceWave '09},
 year = {2009},
 isbn = {978-3-642-10382-7},
 location = {Stockholm},
 pages = {561--575},
 numpages = {15},
 %url = {http://dx.doi.org/10.1007/978-3-642-10383-4_41},
 %%doi = {10.1007/978-3-642-10383-4_41},
 acmid = {1696105},
 publisher = {Springer-Verlag},
 address = {Berlin, Heidelberg},
 keywords = {Cloud computing, Quality of service, Service ranking},
} 


@incollection{Damiano:2009:OQL:1506129.1506143,
 author = {Damiano, Giuseppe and Giallonardo, Ester and Zimeo, Eugenio},
 title = {{onQoS-QL: A Query Language for QoS-Based Service Selection and Ranking}},
 booktitle = {{Service-Oriented Computing - ICSOC 2007 Workshops}},
 editor = {Nitto, Elisabetta and Ripeanu, Matei},
 year = {2009},
 isbn = {978-3-540-93850-7},
 pages = {115--127},
 numpages = {13},
 %url = {http://dx.doi.org/10.1007/978-3-540-93851-4_12},
 %%doi = {10.1007/978-3-540-93851-4_12},
 acmid = {1506143},
 publisher = {Springer-Verlag},
 address = {Berlin, Heidelberg},
 keywords = {Metrics, Ontology, Quality of Service, Semantic Web, Service Discovery},
} 


@inproceedings{Dautov:2013:ASC:2462307.2462312,
 author = {Dautov, Rustem and Kourtesis, Dimitrios and Paraskakis, Iraklis and Stannett, Mike},
 title = {{Addressing self-management in cloud platforms: a semantic sensor web approach}},
 booktitle = {Proceedings of the 2013 international workshop on Hot topics in cloud services},
 series = {HotTopiCS '13},
 year = {2013},
 isbn = {978-1-4503-2051-1},
 location = {Prague, Czech Republic},
 pages = {11--18},
 numpages = {8},
 %url = {http://doi.acm.org/10.1145/2462307.2462312},
 %%doi = {10.1145/2462307.2462312},
 acmid = {2462312},
 publisher = {ACM},
 address = {New York, NY, USA},
 keywords = {autonomic computing, cloud application platform, mape-k, paas, self-management, semantic sensor web, sensor web}
 }

@inproceedings{DBLP:conf/icsoc/KourtesisP11,
  author    = {Dimitrios Kourtesis and
               Iraklis Paraskakis},
  title     = {{A Registry and Repository System Supporting Cloud Application
               Platform Governance}},
  booktitle = {ICSOC Workshops},
  year      = {2011},
  pages     = {255-256},
  ee        = {http://dx.doi.org/10.1007/978-3-642-31875-7_36},
  bibsource = {DBLP, http://dblp.uni-trier.de}
}

 
 
 
 @inproceedings{Le-Phuoc:2011:NAA:2063016.2063041,
 author = {Le-Phuoc, Danh and Dao-Tran, Minh and Parreira, Josiane Xavier and Hauswirth, Manfred},
 title = {{A native and adaptive approach for unified processing of linked streams and linked data}},
 booktitle = {Proceedings of the 10th international conference on The semantic web - Volume Part I},
 series = {ISWC'11},
 year = {2011},
 isbn = {978-3-642-25072-9},
 location = {Bonn, Germany},
 pages = {370--388},
 numpages = {19},
 %url = {http://dl.acm.org/citation.cfm?id=2063016.2063041},
 acmid = {2063041},
 publisher = {Springer-Verlag},
 address = {Berlin, Heidelberg},
 keywords = {RDF streams, dynamic query planning, linked data, linked streams, query optimisation, stream processing},
} 



%[60] ,  (access: 25.02.2012)
%[61]  (access: 25.02.2012)
%[62] , (access: 25.02.2012).
%[63] European Space Agency, http://www.esa.int/esaCP/index.html (access: 25.02.2012).

@Misc{52project,
author = {$52^\circ$ North Initiative for Geospatial Open Source Software GmbH},
title = {{$52^\circ$ North}},
month = may,
year = {2013},
url = {http://52north.org}
}


@Misc{nasajpl,
author = {NASA},
title = {{NASA/JPL Sensor Webs Project}},
month = may,
year = {2013},
note = {http://sensorwebs.jpl.nasa.gov}
}


@Misc{sensorweb-wb,
author = {OpenGeoSpatial Consortium},
title = {{Sensor Web Enablement}},
month = may,
year = {2013},
url = {http://www.opengeospatial.org/projects/groups/sensorweb}
}

@Misc{eeml,
author = {EEML},
title = {{Extended Environments Markup Language (EEML)}},
month = may,
year = {2013},
url = {http://www.eeml.org}
}

@article{Sheth:2008:SSW:1444383.1444435,
 author = {Sheth, Amit and Henson, Cory and Sahoo, Satya S.},
 title = {{Semantic Sensor Web}},
 journal = {IEEE Internet Computing},
 issue_date = {July 2008},
 volume = {12},
 number = {4},
 month = jul,
 year = {2008},
 issn = {1089-7801},
 pages = {78--83},
 numpages = {6},
 %url = {http://dx.doi.org/10.1109/MIC.2008.87},
 %%doi = {10.1109/MIC.2008.87},
 acmid = {1444435},
 publisher = {IEEE Educational Activities Department},
 address = {Piscataway, NJ, USA},
 keywords = {Semantic Sensor Web, Semantic Web, Semantics and services, Semantics and services, Semantic Web, Sensor Networks, Situation Awareness, Semantic Sensor Web, Sensor Networks, Situation Awareness},
} 



@inproceedings{Whitehouse:2006:SSF:2180141.2180148,
 author = {Whitehouse, Kamin and Zhao, Feng and Liu, Jie},
 title = {{Semantic streams: a framework for composable semantic interpretation of sensor data}},
 booktitle = {Proceedings of the Third European conference on Wireless Sensor Networks},
 series = {EWSN'06},
 year = {2006},
 isbn = {3-540-32158-6, 978-3-540-32158-3},
 location = {Zurich, Switzerland},
 pages = {5--20},
 numpages = {16},
 %url = {http://dx.doi.org/10.1007/11669463_4},
 %%doi = {10.1007/11669463_4},
 acmid = {2180148},
 publisher = {Springer-Verlag},
 address = {Berlin, Heidelberg},
} 


@inproceedings{Bouillet:2007:SMU:1769087.1769099,
 author = {Bouillet, Eric and Feblowitz, Mark and Liu, Zhen and Ranganathan, Anand and Riabov, Anton and Ye, Fan},
 title = {{A semantics-based middleware for utilizing heterogeneous sensor networks}},
 booktitle = {Proceedings of the 3rd IEEE international conference on Distributed computing in sensor systems},
 series = {DCOSS'07},
 year = {2007},
 isbn = {978-3-540-73089-7},
 location = {Santa Fe, NM, USA},
 pages = {174--188},
 numpages = {15},
 %url = {http://dl.acm.org/citation.cfm?id=1769087.1769099},
 acmid = {1769099},
 publisher = {Springer-Verlag},
 address = {Berlin, Heidelberg},
}



@article{Compton:2012:OPS:2400766.2401456,
 author = {Compton, Michael and Barnaghi, Payam and Bermudez, Luis and Garc\'{\i}A-Castro, Ra\'{u}L and Corcho, Oscar and Cox, Simon and Graybeal, John and Hauswirth, Manfred and Henson, Cory and Herzog, Arthur and Huang, Vincent and Janowicz, Krzysztof and Kelsey, W. David and Le Phuoc, Danh and Lefort, Laurent and Leggieri, Myriam and Neuhaus, Holger and Nikolov, Andriy and Page, Kevin and Passant, Alexandre and Sheth, Amit and Taylor, Kerry},
 title = {{Ontology paper: The SSN ontology of the W3C semantic sensor network incubator group}},
 journal = {Web Semant.},
 issue_date = {December, 2012},
 volume = {17},
 month = dec,
 year = {2012},
 issn = {1570-8268},
 pages = {25--32},
 numpages = {8},
 %url = {http://dx.doi.org/10.1016/j.websem.2012.05.003},
 %%doi = {10.1016/j.websem.2012.05.003},
 acmid = {2401456},
 publisher = {Elsevier Science Publishers B. V.},
 address = {Amsterdam, The Netherlands, The Netherlands},
 keywords = {Linked sensor data, Ontologies, Semantic interoperability, Semantic sensor web, Sensor web enablement},
} 


@inproceedings{Auer:2007:DNW:1785162.1785216,
 author = {Auer, S\"{o}ren and Bizer, Christian and Kobilarov, Georgi and Lehmann, Jens and Cyganiak, Richard and Ives, Zachary},
 title = {{DBpedia: a nucleus for a web of open data}},
 booktitle = {Proceedings of the 6th international The semantic web and 2nd Asian conference on Asian semantic web conference},
 series = {ISWC'07/ASWC'07},
 year = {2007},
 isbn = {3-540-76297-3, 978-3-540-76297-3},
 location = {Busan, Korea},
 pages = {722--735},
 numpages = {14},
 %url = {http://dl.acm.org/citation.cfm?id=1785162.1785216},
 acmid = {1785216},
 publisher = {Springer-Verlag},
 address = {Berlin, Heidelberg},
} 


@BOOK{NoSQLdistilled,
   author    = {Pramod J. Sadalage and Martin Fowler},
   title     = {{NoSQL Distilled: A Brief Guide to the Emerging World of Polyglot Persistence}},
   publisher = {Pearson Education},
   edition   = {first},
   year      = {2012},
   isbn =  {0321826620}
}

 
@inproceedings{conf/icdm/FerreraPPFS12,
  added-at = {2013-01-22T00:00:00.000+0100},
  author = {Ferrera, Pedro and de Prado, Ivan and Palacios, Eric and Fernandez-Marquez, Jose Luis and Serugendo, Giovanna Di Marzo},
  bib%url = {http://www.bibsonomy.org/bibtex/2e0b627bfe557539de207f962d9c6282e/dblp},
  booktitle = {ICDM},
  crossref = {conf/icdm/2012},
  editor = {Zaki, Mohammed Javeed and Siebes, Arno and Yu, Jeffrey Xu and Goethals, Bart and Webb, Geoffrey I. and Wu, Xindong},
  ee = {http://doi.ieeecomputersociety.org/10.1109/ICDM.2012.141},
  interhash = {5e08883b432969b4d6448935781ad9f4},
  intrahash = {e0b627bfe557539de207f962d9c6282e},
  isbn = {978-1-4673-4649-8},
  keywords = {dblp},
  pages = {260-269},
  publisher = {IEEE Computer Society},
  timestamp = {2013-01-22T00:00:00.000+0100},
  title = {{Tuple MapReduce: Beyond Classic MapReduce.}},
  %url = {http://dblp.uni-trier.de/db/conf/icdm/icdm2012.html#FerreraPPFS12},
  year = 2012
}



@book{miner2012mapreduce,
  author = {Miner, Donald and Shook, Adam},
  isbn = {9781449327170 1449327176},
  keywords = {design mapreduce patterns},
  publisher = {Oreilly and Associates Inc},
  title = {{Mapreduce Design Patterns}},
  year = 2012
}

@book{perera2013mapreduce,
  author = {Srinath Perera, Thilina Gunarathne},
  isbn = {1849517290, 9781849517294},
  keywords = {recipes mapreduce},
  publisher = {Packt Publishing Ltd},
  title = {{Hadoop MapReduce Cookbook}},
  year = 2013
}


@book{owens2013mapreduce,
  author = {Jonathan R. Owens, Brian Femiano, Jon Lentz},
  isbn = {1849519129, 9781849519120},
  keywords = {real-world recipes mapreduce},
  publisher = {Packt Publishing Ltd},
  title = {{Hadoop Real-World Solutions Cookbook}},
  year = 2013
}




@inproceedings{Lin:2009:DTP:1620950.1620951,
 author = {Lin, Jimmy and Dyer, Chris},
 title = {{Data-intensive text processing with MapReduce}},
 booktitle = {Proceedings of Human Language Technologies: The 2009 Annual Conference of the North American Chapter of the Association for Computational Linguistics, Companion Volume: Tutorial Abstracts},
 series = {NAACL-Tutorials '09},
 year = {2009},
 location = {Boulder, Colorado},
 pages = {1--2},
 numpages = {2},
 %url = {http://dl.acm.org/citation.cfm?id=1620950.1620951},
 acmid = {1620951},
 publisher = {Association for Computational Linguistics},
 address = {Stroudsburg, PA, USA},
} 


@article{Dean:2008:MSD:1327452.1327492,
 author = {Dean, Jeffrey and Ghemawat, Sanjay},
 title = {{MapReduce: simplified data processing on large clusters}},
 journal = {Commun. ACM},
 issue_date = {January 2008},
 volume = {51},
 number = {1},
 month = jan,
 year = {2008},
 issn = {0001-0782},
 pages = {107--113},
 numpages = {7},
 %url = {http://doi.acm.org/10.1145/1327452.1327492},
 %%doi = {10.1145/1327452.1327492},
 acmid = {1327492},
 publisher = {ACM},
 address = {New York, NY, USA},
} 


@book{White:2009:HDG:1717298,
 author = {White, Tom},
 title = {{Hadoop: The Definitive Guide}},
 year = {2009},
 isbn = {0596521979, 9780596521974},
 edition = {1st},
 publisher = {O'Reilly Media, Inc.},
}


@book{Lam:2010:HA:1965594,
 author = {Lam, Chuck},
 title = {{Hadoop in Action}},
 year = {2010},
 isbn = {1935182196, 9781935182191},
 edition = {1st},
 publisher = {Manning Publications Co.},
 address = {Greenwich, CT, USA},
} 


@book{Witten:2005:DMP:1205860,
 author = {Witten, Ian H. and Frank, Eibe},
 title = {{Data Mining: Practical Machine Learning \\ Tools and Techniques}},
 year = {2005},
 isbn = {0120884070},
 publisher = {Morgan Kaufmann Publishers Inc.},
 address = {San Francisco, CA, USA},
} 


%[73] J. Z. Pan, E. Della Valle. Stream Reasoning For Linked Data. Tutorial at Semtech. (2012).


@inproceedings{Backman:2012:MPS:2169090.2169091,
 author = {Backman, Nathan and Fonseca, Rodrigo and \c{C}etintemel, U\v{g}ur},
 title = {Managing parallelism for stream processing in the cloud},
 booktitle = {Proceedings of the 1st International Workshop on Hot Topics in Cloud Data Processing},
 series = {HotCDP '12},
 year = {2012},
 isbn = {978-1-4503-1162-5},
 location = {Bern, Switzerland},
 pages = {1:1--1:5},
 articleno = {1},
 numpages = {5},
 %url = {http://doi.acm.org/10.1145/2169090.2169091},
 %%doi = {10.1145/2169090.2169091},
 acmid = {2169091},
 publisher = {ACM},
 address = {New York, NY, USA},
 keywords = {heterogeneous clusters, parallelism management, stream processing},
}

@inproceedings{Urbani:2009:SDR:1693684.1693725,
 author = {Urbani, Jacopo and Kotoulas, Spyros and Oren, Eyal and Harmelen, Frank},
 title = {{Scalable Distributed Reasoning Using MapReduce}},
 booktitle = {Proceedings of the 8th International Semantic Web Conference},
 series = {ISWC '09},
 year = {2009},
 isbn = {978-3-642-04929-3},
 location = {Chantilly, VA},
 pages = {634--649},
 numpages = {16},
 %url = {http://dx.doi.org/10.1007/978-3-642-04930-9_40},
 %%doi = {10.1007/978-3-642-04930-9_40},
 acmid = {1693725},
 publisher = {Springer-Verlag},
 address = {Berlin, Heidelberg},
} 

@article{DBLP:journals/ws/UrbaniKMHB12,
  author    = {Jacopo Urbani and
               Spyros Kotoulas and
               Jason Maassen and
               Frank van Harmelen and
               Henri E. Bal},
  title     = {{WebPIE: A Web-scale Parallel Inference Engine using MapReduce}},
  journal   = {J. Web Sem.},
  volume    = {10},
  year      = {2012},
  pages     = {59-75},
  ee        = {http://dx.doi.org/10.1016/j.websem.2011.05.004},
  bibsource = {DBLP, http://dblp.uni-trier.de}
}



@inproceedings{Urbani:2011:QBR:2063016.2063063,
 author = {Jacopo Urbani and Frank van Harmelen and Stefan Schlobach and Henri  Bal},
 title = {{QueryPIE: backward reasoning for OWL horst over very large knowledge bases}},
 booktitle = {Proceedings of the 10th international conference on The semantic web - Volume Part I},
 series = {ISWC'11},
 year = {2011},
 isbn = {978-3-642-25072-9},
 location = {Bonn, Germany},
 pages = {730--745},
 numpages = {16},
 %url = {http://dl.acm.org/citation.cfm?id=2063016.2063063},
 acmid = {2063063},
 publisher = {Springer-Verlag},
 address = {Berlin, Heidelberg},
} 

@article{terHorst:2005:CDC:1741305.1741318,
 author = {ter Horst, Herman J.},
 title = {{Completeness, decidability and complexity of entailment for RDF Schema and a semantic extension involving the OWL vocabulary}},
 journal = {Web Semant.},
 issue_date = {October, 2005},
 volume = {3},
 number = {2-3},
 month = oct,
 year = {2005},
 issn = {1570-8268},
 pages = {79--115},
 numpages = {37},
 %url = {http://dx.doi.org/10.1016/j.websem.2005.06.001},
 %%doi = {10.1016/j.websem.2005.06.001},
 acmid = {1741318},
 publisher = {Elsevier Science Publishers B. V.},
 address = {Amsterdam, The Netherlands, The Netherlands},
 keywords = {Completeness, Computational complexity, Entailment, Ontology, Semantics},
} 

@inproceedings{Hogan:2008:SAR:1484143.1484150,
 author = {Hogan, Aidan and Harth, Andreas and Polleres, Axel},
 title = {{SAOR: Authoritative Reasoning for the Web}},
 booktitle = {Proceedings of the 3rd Asian Semantic Web Conference on The Semantic Web},
 series = {ASWC '08},
 year = {2008},
 isbn = {978-3-540-89703-3},
 location = {Bangkok, Thailand},
 pages = {76--90},
 numpages = {15},
 %url = {http://dx.doi.org/10.1007/978-3-540-89704-0_6},
 %%doi = {10.1007/978-3-540-89704-0_6},
 acmid = {1484150},
 publisher = {Springer-Verlag},
 address = {Berlin, Heidelberg},
} 



@article{DBLP:journals/ijswis/HoganHP09,
  author    = {Aidan Hogan and
               Andreas Harth and
               Axel Polleres},
  title     = {{Scalable Authoritative OWL Reasoning for the Web}},
  journal   = {Int. J. Semantic Web Inf. Syst.},
  volume    = {5},
  number    = {2},
  year      = {2009},
  pages     = {49-90},
  ee        = {http://dx.doi.org/10.4018/jswis.2009040103},
  bibsource = {DBLP, http://dblp.uni-trier.de}
}

@inproceedings{DBLP:conf/closer/HausenblasGHC12,
  author    = {Michael Hausenblas and
               Robert Grossman and
               Andreas Harth and
               Philippe Cudr{\'e}-Mauroux},
  title     = {{Large-scale Linked Data Processing - Cloud Computing to
               the Rescue?}},
  booktitle = {CLOSER},
  year      = {2012},
  pages     = {246-251},
  crossref  = {DBLP:conf/closer/2012},
  bibsource = {DBLP, http://dblp.uni-trier.de}
}


@inproceedings{Umbrich:2012:IRL:2415113.2415129,
 author = {Umbrich, J\"{u}rgen and Hogan, Aidan and Polleres, Axel and Decker, Stefan},
 title = {{Improving the recall of live linked data querying through reasoning}},
 booktitle = {Proceedings of the 6th international conference on Web Reasoning and Rule Systems},
 series = {RR'12},
 year = {2012},
 isbn = {978-3-642-33202-9},
 location = {Vienna, Austria},
 pages = {188--204},
 numpages = {17},
 %url = {http://dx.doi.org/10.1007/978-3-642-33203-6_14},
 %%doi = {10.1007/978-3-642-33203-6_14},
 acmid = {2415129},
 publisher = {Springer-Verlag},
 address = {Berlin, Heidelberg},
} 



@inproceedings{Umbrich:2012:FUW:2413941.2413963,
 author = {Umbrich, J\"{u}rgen and Karnstedt, Marcel and Hogan, Aidan and Parreira, Josiane Xavier},
 title = {{Freshening up while staying fast: towards hybrid SPARQL queries}},
 booktitle = {Proceedings of the 18th international conference on Knowledge Engineering and Knowledge Management},
 series = {EKAW'12},
 year = {2012},
 isbn = {978-3-642-33875-5},
 location = {Galway City, Ireland},
 pages = {164--174},
 numpages = {11},
 %url = {http://dx.doi.org/10.1007/978-3-642-33876-2_16},
 %%doi = {10.1007/978-3-642-33876-2_16},
 acmid = {2413963},
 publisher = {Springer-Verlag},
 address = {Berlin, Heidelberg},
} 

@inproceedings{Weaver:2009:PMF:1693684.1693728,
 author = {Weaver, Jesse and Hendler, James A.},
 title = {{Parallel Materialization of the Finite RDFS Closure for Hundreds of Millions of Triples}},
 booktitle = {Proceedings of the 8th International Semantic Web Conference},
 series = {ISWC '09},
 year = {2009},
 isbn = {978-3-642-04929-3},
 location = {Chantilly, VA},
 pages = {682--697},
 numpages = {16},
 %url = {http://dx.doi.org/10.1007/978-3-642-04930-9_43},
 %%doi = {10.1007/978-3-642-04930-9_43},
 acmid = {1693728},
 publisher = {Springer-Verlag},
 address = {Berlin, Heidelberg},
} 


@article{DBLP:journals/pvldb/HuangAR11,
  author    = {Jiewen Huang and
               Daniel J. Abadi and
               Kun Ren},
  title     = {{Scalable SPARQL Querying of Large RDF Graphs}},
  journal   = {PVLDB},
  volume    = {4},
  number    = {11},
  year      = {2011},
  pages     = {1123-1134},
  ee        = {http://www.vldb.org/pvldb/vol4/p1123-huang.pdf},
  bibsource = {DBLP, http://dblp.uni-trier.de}
}


@inproceedings{Schatzle:2011:PMS:1999299.1999303,
 author = {Sch\"{a}tzle, Alexander and Przyjaciel-Zablocki, Martin and Lausen, Georg},
 title = {{PigSPARQL: mapping SPARQL to Pig Latin}},
 booktitle = {Proceedings of the International Workshop on Semantic Web Information Management},
 series = {SWIM '11},
 year = {2011},
 isbn = {978-1-4503-0651-5},
 location = {Athens, Greece},
 pages = {4:1--4:8},
 articleno = {4},
 numpages = {8},
 %url = {http://doi.acm.org/10.1145/1999299.1999303},
 %%doi = {10.1145/1999299.1999303},
 acmid = {1999303},
 publisher = {ACM},
 address = {New York, NY, USA},
} 

@article{Kulkarni2010, title={{Distributed SPARQL query engine using MapReduce}}, url={http://www.inf.ed.ac.uk/publications/thesis/online/IM100832.pdf}, journal={Science}, author={Kulkarni, Prasad}, year={2010}, pages={53}}

%[85] C. Liu, J. Qu, G. Qi, H. Wang, Y.Yu, HadoopSPARQL : A Hadoop-based Engine for Multiple SPARQL Query Answering, Extended Semantic Web Conference. (2012). 


@inproceedings{FarhanHusain:2009:SRL:1695659.1695734,
 author = {Farhan Husain, Mohammad and Doshi, Pankil and Khan, Latifur and Thuraisingham, Bhavani},
 title = {{Storage and Retrieval of Large RDF Graph Using Hadoop and MapReduce}},
 booktitle = {Proceedings of the 1st International Conference on Cloud Computing},
 series = {CloudCom '09},
 year = {2009},
 isbn = {978-3-642-10664-4},
 location = {Beijing, China},
 pages = {680--686},
 numpages = {7},
 %url = {http://dx.doi.org/10.1007/978-3-642-10665-1_72},
 %%doi = {10.1007/978-3-642-10665-1_72},
 acmid = {1695734},
 publisher = {Springer-Verlag},
 address = {Berlin, Heidelberg},
} 








@inproceedings{DBLP:conf/semweb/KhadilkarKTC12,
  author    = {Vaibhav Khadilkar and
               Murat Kantarcioglu and
               Bhavani M. Thuraisingham and
               Paolo Castagna},
  title     = {Jena-HBase: A Distributed, Scalable and Effcient RDF Triple
               Store},
  booktitle = {International Semantic Web Conference (Posters {\&} Demos)},
  year      = {2012},
  ee        = {http://ceur-ws.org/Vol-914/paper_14.pdf},
  bibsource = {DBLP, http://dblp.uni-trier.de}
}



%[90] R. I. Kabacoff, R in Action Data Analysis and Graphics with R, Manning Publications. (2012).


@article{DBLP:journals/ws/FernandezMGPA13,
  author    = {Javier D. Fern{\'a}ndez and
               Miguel A. Mart\'{\i}nez-Prieto and
               Claudio Guti{\'e}rrez and
               Axel Polleres and
               Mario Arias},
  title     = {{Binary RDF representation for publication and exchange (HDT)}},
  journal   = {J. Web Sem.},
  volume    = {19},
  year      = {2013},
  pages     = {22-41},
  ee        = {http://dx.doi.org/10.1016/j.websem.2013.01.002},
  bibsource = {DBLP, http://dblp.uni-trier.de}
}




@inproceedings{DBLP:conf/cloudcom/VijayakumarZA10,
  author    = {Smita Vijayakumar and
               Qian Zhu and
               Gagan Agrawal},
  title     = {Dynamic Resource Provisioning for Data Streaming Applications
               in a Cloud Environment},
  booktitle = {CloudCom},
  year      = {2010},
  pages     = {441-448},
  ee        = {http://dx.doi.org/10.1109/CloudCom.2010.95},
  bibsource = {DBLP, http://dblp.uni-trier.de}
}


@inproceedings{Aggarwal:2003:FCE:1315451.1315460,
 author = {Aggarwal, Charu C. and Han, Jiawei and Wang, Jianyong and Yu, Philip S.},
 title = {{A framework for clustering evolving data streams}},
 booktitle = {Proceedings of the 29th international conference on Very large data bases - Volume 29},
 series = {VLDB '03},
 year = {2003},
 isbn = {0-12-722442-4},
 location = {Berlin, Germany},
 pages = {81--92},
 numpages = {12},
 %url = {http://dl.acm.org/citation.cfm?id=1315451.1315460},
 acmid = {1315460},
 publisher = {VLDB Endowment},
} 


@inproceedings{Schneider:2009:ESD:1586640.1587424,
 author = {Schneider, Scott and Andrade, Henrique and Gedik, Bugra and Biem, Alain and Wu, Kun-Lung},
 title = {{Elastic scaling of data parallel operators in stream processing}},
 booktitle = {Proceedings of the 2009 IEEE International Symposium on Parallel\&Distributed Processing},
 series = {IPDPS '09},
 year = {2009},
 isbn = {978-1-4244-3751-1},
 pages = {1--12},
 numpages = {12},
 %url = {http://dx.doi.org/10.1109/IPDPS.2009.5161036},
 %%doi = {10.1109/IPDPS.2009.5161036},
 acmid = {1587424},
 publisher = {IEEE Computer Society},
 address = {Washington, DC, USA},
} 

@inproceedings{Ishii:2011:ESC:2055437.2055625,
 author = {Ishii, Atsushi and Suzumura, Toyotaro},
 title = {{Elastic Stream Computing with Clouds}},
 booktitle = {Proceedings of the 2011 IEEE 4th International Conference on Cloud Computing},
 series = {CLOUD '11},
 year = {2011},
 isbn = {978-0-7695-4460-1},
 pages = {195--202},
 numpages = {8},
 %url = {http://dx.doi.org/10.1109/CLOUD.2011.11},
 %%doi = {10.1109/CLOUD.2011.11},
 acmid = {2055625},
 publisher = {IEEE Computer Society},
 address = {Washington, DC, USA},
 keywords = {Data Stream Processing, Dynamic Load Balancing, DSMS, DSPS, System S, SPADE, Cloud, Amazon EC2},
} 

@article{Armbrust:2010:VCC:1721654.1721672,
 author = {Armbrust, Michael and Fox, Armando and Griffith, Rean and Joseph, Anthony D. and Katz, Randy and Konwinski, Andy and Lee, Gunho and Patterson, David and Rabkin, Ariel and Stoica, Ion and Zaharia, Matei},
 title = {{A view of cloud computing}},
 journal = {Commun. ACM},
 issue_date = {April 2010},
 volume = {53},
 number = {4},
 month = apr,
 year = {2010},
 issn = {0001-0782},
 pages = {50--58},
 numpages = {9},
 %url = {http://doi.acm.org/10.1145/1721654.1721672},
 %%doi = {10.1145/1721654.1721672},
 acmid = {1721672},
 publisher = {ACM},
 address = {New York, NY, USA},
} 

@inproceedings{Qian:2009:CCO:1695659.1695725,
 author = {Qian, Ling and Luo, Zhiguo and Du, Yujian and Guo, Leitao},
 title = {{Cloud Computing: An Overview}},
 booktitle = {Proceedings of the 1st International Conference on Cloud Computing},
 series = {CloudCom '09},
 year = {2009},
 isbn = {978-3-642-10664-4},
 location = {Beijing, China},
 pages = {626--631},
 numpages = {6},
 %url = {http://dx.doi.org/10.1007/978-3-642-10665-1_63},
 %%doi = {10.1007/978-3-642-10665-1_63},
 acmid = {1695725},
 publisher = {Springer-Verlag},
 address = {Berlin, Heidelberg},
 keywords = {Cloud Storage, Cloud computing, Virtualization},
} 


@inproceedings{citeulike:4214978,
    abstract = {{Cloud computing has become another buzzword after Web 2.0. However, there are dozens of different definitions for cloud computing and there seems to be no consensus on what a cloud is. On the other hand, cloud computing is not a completely new concept; it has intricate connection to the relatively new but thirteen-year established grid computing paradigm, and other relevant technologies such as utility computing, cluster computing, and distributed systems in general. This paper strives to compare and contrast cloud computing with grid computing from various angles and give insights into the essential characteristics of both.}},
    author = {Foster, Ian and Zhao, Yong and Raicu, Ioan and Lu, Shiyong},
    booktitle = {2008 Grid Computing Environments Workshop},
    citeulike-article-id = {4214978},
    citeulike-linkout-0 = {http://dx.doi.org/10.1109/gce.2008.4738445},
    citeulike-linkout-1 = {http://ieeexplore.ieee.org/xpls/abs\_all.jsp?arnumber=4738445},
    day = {16},
    %%doi = {10.1109/gce.2008.4738445},
    institution = {Dept. of Comput. Sci., Univ. of Chicago, Chicago, IL, USA},
    isbn = {978-1-4244-2860-1},
    journal = {Grid Computing Environments Workshop, 2008. GCE '08},
    keywords = {cloud, distributed-systems, grid, software},
    location = {Austin, TX, USA},
    month = nov,
    pages = {1--10},
    posted-at = {2009-03-24 17:53:50},
    priority = {0},
    publisher = {IEEE},
    title = {{Cloud Computing and Grid Computing 360-Degree Compared}},
    %url = {http://dx.doi.org/10.1109/gce.2008.4738445},
    year = {2008}
}

@inproceedings{Loutas:2010:TRA:1931470.1931888,
 author = {Loutas, Nikolaos and Peristeras, Vassilios and Bouras, Thanassis and Kamateri, Eleni and Zeginis, Dimitrios and Tarabanis, Konstantinos},
 title = {{Towards a Reference Architecture for Semantically Interoperable Clouds}},
 booktitle = {Proceedings of the 2010 IEEE Second International Conference on Cloud Computing Technology and Science},
 series = {CLOUDCOM '10},
 year = {2010},
 isbn = {978-0-7695-4302-4},
 pages = {143--150},
 numpages = {8},
 %url = {http://dx.doi.org/10.1109/CloudCom.2010.38},
 %%doi = {10.1109/CloudCom.2010.38},
 acmid = {1931888},
 publisher = {IEEE Computer Society},
 address = {Washington, DC, USA},
 keywords = {Cloud computing, SOA, semantic interoperability, reference architecture, common Cloud API},
} 


@INPROCEEDINGS{4738443, 
author={Youseff, L. and Butrico, M. and Da Silva, D.}, 
booktitle={Grid Computing Environments Workshop, 2008. GCE '08}, 
title={{Toward a Unified Ontology of Cloud Computing}}, 
year={2008}, 
pages={1-10}, 
keywords={Web services;ontologies (artificial intelligence);cloud computing technology;distributed computing;gateway design;grid computing;portal design;scientific community;scientific environment;service-oriented architecture;unified ontology;virtualization technology;Application software;Cloud computing;Computer networks;Distributed computing;Grid computing;Ontologies;Portals;Semiconductor optical amplifiers;Service oriented architecture;User interfaces}, 
doi={10.1109/GCE.2008.4738443},}

@inproceedings{DBLP:conf/icsoft/LeussPDW08,
  author    = {Pierre de Leusse and
               Panos Periorellis and
               Theodosis Dimitrakos and
               Paul Watson},
  title     = {{An Architecture for Non Functional Properties Management
               in Distributed Computing}},
  booktitle = {DCSOFT},
  year      = {2008},
  pages     = {26-37},
  crossref  = {DBLP:conf/icsoft/2008dc},
  bibsource = {DBLP, http://dblp.uni-trier.de}
}
%[107] A. Sheth, Ch. Thomas, M. Pankaj: http://wiki.knoesis.org/index.php/Continuous_Semantics_to_Analyze_Real_Time_Data (access: 25.02.2012).


@article{DBLP:journals/expert/MikaT08,
  author    = {Peter Mika and
               Giovanni Tummarello},
  title     = {Web Semantics in the Clouds},
  journal   = {IEEE Intelligent Systems},
  volume    = {23},
  number    = {5},
  year      = {2008},
  pages     = {82-87},
  ee        = {http://dx.doi.org/10.1109/MIS.2008.94},
  bibsource = {DBLP, http://dblp.uni-trier.de}
}


@article{DBLP:journals/internet/Mika13,
  author    = {Peter Mika},
  title     = {{Big Data Conferences, Here We Come!}},
  journal   = {IEEE Internet Computing},
  volume    = {17},
  number    = {3},
  year      = {2013},
  pages     = {3-5},
  ee        = {http://doi.ieeecomputersociety.org/10.1109/MIC.2013.45},
  bibsource = {DBLP, http://dblp.uni-trier.de}
}

@inproceedings{DBLP:conf/closer/HausenblasGHC12,
  author    = {Michael Hausenblas and
               Robert Grossman and
               Andreas Harth and
               Philippe Cudr{\'e}-Mauroux},
  title     = {{Large-scale Linked Data Processing - Cloud Computing to
               the Rescue?}},
  booktitle = {CLOSER},
  year      = {2012},
  pages     = {246-251},
  bibsource = {DBLP, http://dblp.uni-trier.de}
}


@inproceedings{Liu:2008:GCC:1371605.1372472,
 author = {Liu, Huan and Orban, Dan},
 title = {{GridBatch: Cloud Computing for Large-Scale Data-Intensive Batch Applications}},
 booktitle = {Proceedings of the 2008 Eighth IEEE International Symposium on Cluster Computing and the Grid},
 series = {CCGRID '08},
 year = {2008},
 isbn = {978-0-7695-3156-4},
 pages = {295--305},
 numpages = {11},
 %url = {http://dx.doi.org/10.1109/CCGRID.2008.30},
 %%doi = {10.1109/CCGRID.2008.30},
 acmid = {1372472},
 publisher = {IEEE Computer Society},
 address = {Washington, DC, USA},
 keywords = {Cloud Computing, Amazon, EC2, S3, GridBatch, MapReduce},
}

@article{DBLP:journals/fgcs/GargVB13,
  author    = {Saurabh Kumar Garg and
               Steven Versteeg and
               Rajkumar Buyya},
  title     = {{A framework for ranking of cloud computing services}},
  journal   = {Future Generation Comp. Syst.},
  volume    = {29},
  number    = {4},
  year      = {2013},
  pages     = {1012-1023},
  ee        = {http://dx.doi.org/10.1016/j.future.2012.06.006},
  bibsource = {DBLP, http://dblp.uni-trier.de}
}



@inproceedings{DBLP:conf/wosp/Iosup13,
  author    = {Alexandru Iosup},
  title     = {{IaaS cloud benchmarking: approaches, challenges, and experience}},
  booktitle = {HotTopiCS},
  year      = {2013},
  pages     = {1-2},
  ee        = {http://doi.acm.org/10.1145/2462307.2462309},
  crossref  = {DBLP:conf/wosp/2013hot},
  bibsource = {DBLP, http://dblp.uni-trier.de}
}



%Statistics

@inproceedings{DBLP:conf/semweb/ZapilkoM11,
  author    = {Benjamin Zapilko and
               Brigitte Mathiak},
  title     = {{Defining and Executing Assessment Tests on Linked Data for
               Statistical Analysis}},
  booktitle = {COLD},
  year      = {2011},
  ee        = {http://ceur-ws.org/Vol-782/ZapilkoAndMathiak_COLD2011.pdf}
}

@article{DBLP:journals/ijsc/SalasMBCMA12,
  author    = {Percy E. Rivera Salas and
               Fernando Maia Da Mota and
               Karin Koogan Breitman and
               Marco A. Casanova and
               Michael Martin and
               S{\"o}ren Auer},
  title     = {{Publishing Statistical Data on the Web}},
  journal   = {Int. J. Semantic Computing},
  volume    = {6},
  number    = {4},
  year      = {2012},
  pages     = {373-388},
  ee        = {http://dx.doi.org/10.1142/S1793351X12400119},
  bibsource = {DBLP, http://dblp.uni-trier.de}
}

@inproceedings{DDI2013,
  author    = {Thomas Bosch and
               Richard Cyganiak and Arofan Gregory and Joachim Wackerow},
  title     = {{DDI-RDF discovery vocabulary. a metadata vocabulary for documenting research and survey data.}},
  booktitle = {6th Workshop on Linked Data on the Web (LDOW2013)},
  year      = {2013},
 }

 
 
 @inproceedings{DBLP:conf/dgo/FernandezMG11,
  author    = {Javier D. Fern{\'a}ndez and
               Miguel A. Mart\'{\i}nez-Prieto and
               Claudio Guti{\'e}rrez},
  title     = {Publishing open statistical data: the Spanish census},
  booktitle = {DG.O},
  year      = {2011},
  pages     = {20-25},
  ee        = {http://doi.acm.org/10.1145/2037556.2037560},
  bibsource = {DBLP, http://dblp.uni-trier.de}
}

@inbook{webindexlod, title={{Publishing Statistical Data following the Linked Open Data Principles: The Web Index Project}}, 
url={http://www.igi-global.com/chapter/publishing-statistical-data-following-linked/77207/}, 
publisher={IGI Global}, 
author={Rodr\'{i}guez, Jose Mar\'{i}a Alvarez and Clement, Jules and Gayo, Jos\'{e} Emilio Labra and Farhan, Hania and Ordoñez De Pablos, Patricia},
booktitle = {Cases on Open-Linked Data and Semantic Web Applications},
year      = {2013},
  pages     = {199--226}
  }
  
  
  
@techreport{rdf-data-cube,
  author = {Richard Cyganiak and Dave Reynolds},
  title = {{The RDF Data Cube Vocabulary}},
  institution = {{W3C}},
  year = {2013},
  type = {{Working Draft}},
  url = {http://www.w3.org/TR/vocab-data-cube/}
}


@techreport{sdmx,
  author = {SDMX consortium},
  title = {{SDMX - Metadata Common Vocabulary}},
  institution = {{UNECE}},
  year = {2009},
  type = {{SDMX consortium}},
  url = {http://www1.unece.org/stat/platform/display/metis/SDMX+-+Metadata+Common+Vocabulary}
}


@incollection{scovo,
year={2009},
isbn={978-3-642-02120-6},
booktitle={The Semantic Web: Research and Applications},
volume={5554},
series={Lecture Notes in Computer Science},
editor={Aroyo, Lora and Traverso, Paolo and Ciravegna, Fabio and Cimiano, Philipp and Heath, Tom and Hyv\"{o}nen, Eero and Mizoguchi, Riichiro and Oren, Eyal and Sabou, Marta and Simperl, Elena},
title={{SCOVO: Using Statistics on the Web of Data}},
url={http://dx.doi.org/10.1007/978-3-642-02121-3_52},
publisher={Springer Berlin Heidelberg},
author={Hausenblas, Michael and Halb, Wolfgang and Raimond, Yves and Feigenbaum, Lee and Ayers, Danny},
pages={708-722}
}


@inproceedings{Pavlo:2009:CAL:1559845.1559865,
 author = {Pavlo, Andrew and Paulson, Erik and Rasin, Alexander and Abadi, Daniel J. and DeWitt, David J. and Madden, Samuel and Stonebraker, Michael},
 title = {{A comparison of approaches to large-scale data analysis}},
 booktitle = {Proceedings of the 2009 ACM SIGMOD International Conference on Management of data},
 series = {SIGMOD '09},
 year = {2009},
 isbn = {978-1-60558-551-2},
 location = {Providence, Rhode Island, USA},
 pages = {165--178},
 numpages = {14},
 %url = {http://doi.acm.org/10.1145/1559845.1559865},
 %%doi = {10.1145/1559845.1559865},
 acmid = {1559865},
 publisher = {ACM},
 address = {New York, NY, USA},
 keywords = {benchmarks, mapreduce, parallel database},
} 


@techreport{cloud-usage,
  author = {Aleksandar Milenkoski and Alexandru Iosup and Samuel Kounev and Kai Sachs and Piotr Rygielski and Jason Ding and Walfredo Cirne and Florian Rosenberg},
  institution = {SPEC Research Group - Cloud Working Group},
  organization = {SPEC},
  title = {{Cloud Usage Patterns: A Formalism for Description of Cloud Usage Scenarios}},  
  year = 2013
}


@article{DBLP:journals/fgcs/GargVB13,
  author    = {Saurabh Kumar Garg and
               Steven Versteeg and
               Rajkumar Buyya},
  title     = {{A framework for ranking of cloud computing services}},
  journal   = {Future Generation Comp. Syst.},
  volume    = {29},
  number    = {4},
  year      = {2013},
  pages     = {1012-1023},
  ee        = {http://dx.doi.org/10.1016/j.future.2012.06.006}
}

@techreport{smi,
  author = {CSMIC},
  organization = {The Cloud Services Measurement Initiative Consortium},
  title = {{Service Measurement Index Version 1.0}},  
  url={http://csmic.org/wp-content/uploads/2011/09/SMI-Overview-110913_v1F1.pdf},
  year = 2012
}




@techreport{csc,
  author = {CSC},
  organization = {CSC},
  title = {{CSC Cloud Usage Index}},  
  url={http://assets1.csc.com/newsroom/downloads/CSC_Cloud_Usage_Index_Report.pdf},
  year = 2013
}


@techreport{cisco,
  author = {Cisco},
  organization = {Cisco},
  title = {{The Cisco Global Cloud Index Forecast}},  
  url={http://www.cisco.com/en/US/netsol/ns1175/networking_solutions_sub_solution.html},
  year = 2013
}

@techreport{vmware,
  author = {Forrester Inc.},
  organization = {VMware},
  title = {{The VMware Cloud Index}},  
  url={http://info.vmware.com/content/APAC_APJ_Enterprise_Cloud_Index?src=CloudIndexVanity&ossrc=CloudIndexVanityWM},
  year = 2012
}



  
 @inproceedings{Maiya:2012:QMC:2353730.2353862,
 author = {Maiya, Madhavi and Dasari, Sai and Yadav, Ravi and Shivaprasad, Sandhya and Milojicic, Dejan},
 title = {{Quantifying Manageability of Cloud Platforms}},
 booktitle = {Proceedings of the 2012 IEEE Fifth International Conference on Cloud Computing},
 series = {CLOUD '12},
 year = {2012},
 isbn = {978-0-7695-4755-8},
 pages = {993--995},
 numpages = {3},
 %url = {http://dx.doi.org/10.1109/CLOUD.2012.111},
 %%doi = {10.1109/CLOUD.2012.111},
 acmid = {2353862},
 publisher = {IEEE Computer Society},
 address = {Washington, DC, USA},
 keywords = {cloud, cloud management, quantitative, metrics},
} 


@inproceedings{DBLP:conf/quatic/KlemsBW12,
  author    = {Markus Klems and
               David Bermbach and
               Rene Weinert},
  title     = {{A Runtime Quality Measurement Framework for Cloud Database
               Service Systems}},
  booktitle = {QUATIC},
  year      = {2012},
  pages     = {38-46},
  ee        = {http://dx.doi.org/10.1109/QUATIC.2012.17},
  bibsource = {DBLP, http://dblp.uni-trier.de}
}


@techreport{ousterhout2013sparrow,
  title={{Sparrow: Scalable scheduling for sub-second parallel jobs}},
  author={Ousterhout, Kay and Wendell, Patrick and Zaharia, Matei and STO-ICA, Ion},
  year={2013},
  institution={Tech. Rep. UCB/EECS-2013-29, EECS Department, University of California, Berkeley}
}

@inproceedings{zaharia2012discretized,
  title={Discretized streams: an efficient and fault-tolerant model for stream processing on large clusters},
  author={Matei Zaharia and Tathagata Das and Haoyuan Li and Scott Shenker and Ion Stoica},
  booktitle={Proceedings of the 4th USENIX conference on Hot Topics in Cloud Ccomputing},
  pages={10--10},
  year={2012},
  organization={USENIX Association}
}

@inproceedings{DBLP:conf/sigmod/XinRZFSS13,
  author    = {Reynold S. Xin and
               Josh Rosen and
               Matei Zaharia and
               Michael J. Franklin and
               Scott Shenker and
               Ion Stoica},
  title     = {{Shark: SQL and rich analytics at scale}},
  booktitle = {SIGMOD Conference},
  year      = {2013},
  pages     = {13-24},
  ee        = {http://doi.acm.org/10.1145/2463676.2465288},
  bibsource = {DBLP, http://dblp.uni-trier.de}
}

@inproceedings{neumeyer2010s4,
  title={S4: Distributed stream computing platform},
  author={Neumeyer, Leonardo and Robbins, Bruce and Nair, Anish and Kesari, Anand},
  booktitle={{Data Mining Workshops (ICDMW), 2010 IEEE International Conference on}},
  pages={170--177},
  year={2010},
  organization={IEEE}
}


@article{yangdruid,
  title={{Druid: A Real-time Analytical Data Store}},
  author={Yang, Fangjin and Tschetter, Eric and Merlino, Gian and Ray, Nelson and L{\'e}aut{\'e}, Xavier and Ganguli, Deep},
  year=2013
}


@Misc{impala-project,
author = {Cloudera Inc.},
title = {{Cloudera Impala: Real-Time Queries in Apache Hadoop}},
month = may,
year = {2013},
url = {http://www.cloudera.com/content/cloudera/en/products/cdh/impala.html}
}

@Misc{mapr-project,
author = {MapR Inc.},
title = {{MapR: Apache Hadoop Solutions For Big Data}},
month = may,
year = {2013},
url = {http://www.mapr.com/}
}

@article{hausenblas2013apache,
  title={{Apache Drill: Interactive Ad-Hoc Analysis at Scale}},
  author={Hausenblas, Michael and Nadeau, Jacques},
  journal={Big Data},
  year={2013},
  publisher={Mary Ann Liebert, Inc. 140 Huguenot Street, 3rd Floor New Rochelle, NY 10801 USA}
}


@article{DBLP:journals/corr/RakhmawatiUKHH13,
  author    = {Nur Aini Rakhmawati and
               J{\"u}rgen Umbrich and
               Marcel Karnstedt and
               Ali Hasnain and
               Michael Hausenblas},
  title     = {{Querying over Federated SPARQL Endpoints - A State of the
               Art Survey}},
  journal   = {CoRR},
  volume    = {abs/1306.1723},
  year      = {2013},
  ee        = {http://arxiv.org/abs/1306.1723},
  bibsource = {DBLP, http://dblp.uni-trier.de}
}


@inproceedings{DBLP:conf/esws/SchwarteHHSS11,
  author    = {Andreas Schwarte and
               Peter Haase and
               Katja Hose and
               Ralf Schenkel and
               Michael Schmidt},
  title     = {{FedX: A Federation Layer for Distributed Query Processing
               on Linked Open Data}},
  booktitle = {ESWC (2)},
  year      = {2011},
  pages     = {481-486},
  ee        = {http://dx.doi.org/10.1007/978-3-642-21064-8_39},
  bibsource = {DBLP, http://dblp.uni-trier.de}
}


@inproceedings{Papailiou:2012:HAQ:2187980.2188058,
 author = {Papailiou, Nikolaos and Konstantinou, Ioannis and Tsoumakos, Dimitrios and Koziris, Nectarios},
 title = {{H2RDF: adaptive query processing on RDF data in the cloud.}},
 booktitle = {Proceedings of the 21st international conference companion on World Wide Web},
 series = {WWW '12 Companion},
 year = {2012},
 isbn = {978-1-4503-1230-1},
 location = {Lyon, France},
 pages = {397--400},
 numpages = {4},
 %url = {http://doi.acm.org/10.1145/2187980.2188058},
 %%doi = {10.1145/2187980.2188058},
 acmid = {2188058},
 publisher = {ACM},
 address = {New York, NY, USA},
 keywords = {HBase, NOSQL, RDF, SPARQL, hadoop, mapreduce},
} 


@book{maindonald2007data,
  title={{Data analysis and graphics using R [electronic resource]: an example-based approach}},
  author={Maindonald, J John Hilary},
  volume={10},
  year={2007},
  publisher={Cambridge University Press}
}


@inproceedings{liuhadoopsparql,
  title={HadoopSPARQL: A Hadoop-based Engine for Multiple SPARQL Query Answering},
  author={Liu, Chang and Qu, Jun and Qi, Guilin and Wang, Haofen and Yu, Yong},
  year=2012,
  booktitle = {Proceedings of th 9th Extended Semantic Web Conference}
}

@misc{stream-reasoning-linked-data,
  author = {Jeff Z. Pan, Emmanuele Della Valle},
  title = {{Stream Reasoning For Linked Data. Tutorial at SemTech 2012}},
  year = 2012,
  url={http://streamreasoning.org/events/sr4ld2011}
}


@article{albaum1997likert,
  title={{The Likert scale revisited}},
  author={Albaum, Gerald},
  journal={Journal of Market Research Society},
  volume={39},
  pages={331--348},
  year={1997},
  publisher={Market Research Soc}
}

@inproceedings{DBLP:conf/dexa/dAquinSSS07,
  author    = {Mathieu d'Aquin and
               Anne Schlicht and
               Heiner Stuckenschmidt and
               Marta Sabou},
  title     = {{Ontology Modularization for Knowledge Selection: Experiments
               and Evaluations}},
  booktitle = {DEXA},
  year      = {2007},
  pages     = {874-883},
  ee        = {http://dx.doi.org/10.1007/978-3-540-74469-6_85},
  bibsource = {DBLP, http://dblp.uni-trier.de}
}

@inproceedings{DBLP:conf/nldb/SabouFM09,
  author    = {Marta Sabou and
               Miriam Fern{\'a}ndez and
               Enrico Motta},
  title     = {{Evaluating Semantic Relations by Exploring Ontologies on
               the Semantic Web}},
  booktitle = {NLDB},
  year      = {2009},
  pages     = {269-280},
  ee        = {http://dx.doi.org/10.1007/978-3-642-12550-8_22},
  bibsource = {DBLP, http://dblp.uni-trier.de}
}

@INPROCEEDINGS{Brank05asurvey,
    author = {Janez Brank and Marko Grobelnik and Dunja Mladenić},
    title = {{A survey of ontology evaluation techniques}},
    booktitle = {In In Proceedings of the Conference on Data Mining and Data Warehouses (SiKDD 2005},
    year = {2005}
}

@techreport{forrester,
  author = {Mike Gualtieri},
  title = {{The Forrester WaveTM: Big Data Predictive Analytics Solutions, Q1 2013}},
  institution = {{Forrester Inc.}},
  year = {2013},
  type = {Report},
  url = {http://www.forbes.com/sites/danwoods/2011/10/21/big-data-technology-evaluation-checklist/}
}

@incollection{stantchev2009negotiating,
  title={{Negotiating and enforcing QoS and SLAs in grid and cloud computing}},
  author={Stantchev, Vladimir and Schr{\"o}pfer, Christian},
  booktitle={Advances in Grid and Pervasive Computing},
  pages={25--35},
  year={2009},
  publisher={Springer}
}

@article{stantchev2011addressing,
  title={{Addressing dependability throughout the soa life cycle}},
  author={Stantchev, Vladimir and Malek, Miroslaw},
  journal={Services Computing, IEEE Transactions on},
  volume={4},
  number={2},
  pages={85--95},
  year={2011},
  publisher={IEEE}
}

@article{DBLP:journals/jucs/RodriguezRMPGP12,
  author    = {Miguel Garc\'{\i}a Rodr\'{\i}guez and
               Jose Mar\'{\i}a {\'A}lvarez Rodr\'{\i}guez and
               Diego Berrueta Mu{\~n}oz and
               Luis Polo Paredes and
               Jos{\'e} Emilio Labra Gayo and
               Patricia Ord{\'o}{\~n}ez de Pablos},
  title     = {{Towards a Practical Solution for Data Grounding in a Semantic
               Web Services Environment}},
  journal   = {J. UCS},
  volume    = {18},
  number    = {11},
  year      = {2012},
  pages     = {1576-1597},
  ee        = {http://www.jucs.org/jucs_18_11/towards_a_practical_solution},
  bibsource = {DBLP, http://dblp.uni-trier.de}
}

@misc{watchdog,
  author = {Cloud Computing Patterns},
  title = {{Watchdog: High availability with unreliable Compute Nodes}},
  year = 2013,
  url={http://cloudcomputingpatterns.org/?page_id=278}
}

%To cite
@article{DBLP:journals/jucs/Colomo-PalaciosFSS12,
  author    = {Ricardo Colomo Palacios and
               Eduardo Fernandes and
               Marc Sabbagh and
               Antonio de Amescua Seco},
  title     = {{Human and Intellectual Capital Management in the Cloud: Software Vendor Perspective}},
  journal   = {J. UCS},
  volume    = {18},
  number    = {11},
  year      = {2012},
  pages     = {1544-1557},
  ee        = {http://www.jucs.org/jucs_18_11/human_and_intellectual_capital},
  bibsource = {DBLP, http://dblp.uni-trier.de}
}

@article{DBLP:journals/ijhcitp/PalaciosSAG12,
  author    = {Ricardo Colomo Palacios and
               Jos{\'e} Luis S{\'a}nchez-Cervantes and
               Giner Alor-Hern{\'a}ndez and
               Alejandro Rodr\'{\i}guez Gonz{\'a}lez},
  title     = {{Linked Data: Perspectives for IT Professionals}},
  journal   = {IJHCITP},
  volume    = {3},
  number    = {3},
  year      = {2012},
  pages     = {1-12},
  ee        = {http://dx.doi.org/10.4018/jhcitp.2012070101},
  bibsource = {DBLP, http://dblp.uni-trier.de}
}
