@book{Heath_Bizer_2011, 
 title={{Linked Data: Evolving the Web into a Global Data Space}},
 volume={1}, 
 url={http://www.morganclaypool.com/doi/abs/10.2200/S00334ED1V01Y201102WBE001}, 
 number={1}, 
 journal={Synthesis Lectures on the Semantic Web Theory and Technology}, 
 publisher={Morgan \& Claypool}, 
 author={Heath, Tom and Bizer, Christian}, 
 editor={Van Harmelen, Frank and Hendler, JamesEditors}, 
 year={2011}, 
 pages={1--136}
}

@misc{Berners-Lee-2006,
  author = {Berners-Lee, Tim},
  interhash = {a70519b9adcccb3c2e0d25f99ae1a0b4},
  intrahash = {71be3a4f180ee7cad3f65f9008070642},
  title = {Linked Data},
  url = {http://www.w3.org/DesignIssues/LinkedData.html},
  year = 2006,
  timestamp = {2009-05-06T16:20:32.000+0200},
  keywords = {linkeddata},
  added-at = {2009-05-06T16:20:32.000+0200},
  biburl = {http://www.bibsonomy.org/bibtex/271be3a4f180ee7cad3f65f9008070642/kurtjx},
  month = {jul}
}


@misc{http-rfc,
  author = {Berners-Lee, Tim and Fielding, Roy and Masinter, Larry et al.},
  interhash = {ea213e32619512cfc4bdeb5d92daf5e4},
  intrahash = {623e3c2409685a7fcece0273b8ebf981},
  title = {{RFC 2616, Hypertext Transfer Protocol -- HTTP/1.1}},
  url = {{http://www.rfc.net/rfc2616.html}},
  year = 1999,
  timestamp = {2006-07-02T00:05:26.000+0200},
  keywords = {2616 http standard seminar2006 rfc},
  added-at = {2006-07-02T00:05:26.000+0200},
}


@misc{uri-rfc,
  author = {Berners-Lee, Tim and Fielding, Roy and Masinter, Larry},
  editor = {(IETF), Internet Engineering Task Force},
  howpublished = {Request For Comments (RFC)},
  interhash = {266f30f3e02e5ebc5a0e3b307a7d70da},
  intrahash = {5339125c1bce0ac40b8dcbb487b1bece},
  title = {{RFC 3986, Uniform Resource Identifier (URI): Generic Syntax}},
  url = {{http://www.ietf.org/rfc/rfc3986.txt}},
  year = 2005,
  timestamp = {2010-06-17T18:09:45.000+0200},
  keywords = {3986 identifier resource rfc uniform},
  added-at = {2010-06-17T18:09:45.000+0200},
}

@Misc{linked-data,
author = {Linked Data Initiative},
title = {{Linked Data - Connect Distributed Data across the Web}},
month = nov,
year = {2011},
note = {\url{http://linkeddata.org/}}
}


@Misc{linked-data-cloud,
author = {Cyganiak, Richard and Jentzsch, Anja},
title = {{The Linking Open Data cloud diagram}},
month = nov,
year = {2011},
note = {\url{http://richard.cyganiak.de/2007/10/lod/}}
}


@Misc{the-data-hub,
author = {Open Knowledge Foundation},
title = {{the Data Hub — The easy way to get, use and share data}},
month = nov,
year = {2011},
note = {\url{http://thedatahub.org/}}
}


@Misc{lod-group,
author = {W3C Semantic Web Interest Group},
title = {{SweoIG/TaskForces/CommunityProjects/LinkingOpenData}},
month = nov,
year = {2011},
note = {\url{http://www.w3.org/wiki/SweoIG/TaskForces/CommunityProjects/LinkingOpenData}}
}


@Misc{linked-enterprise-data-patterns,
author = {W3C Workshop on Data and Services Integration},
title = {{Linked Enterprise Data Patterns Workshop}},
month = nov,
year = {2011},
note = {\url{http://www.w3.org/2011/09/LinkedData/}}
}



@Misc{cold,
author = {Hartig, Olaf and Harth, Andreas and Sequeda, Juan},
title = {{First International Workshop on Consuming Linked Data (COLD2010)}},
month = nov,
year = {2010},
note = {\url{http://people.aifb.kit.edu/aha/2010/cold/}}
}


@Misc{ldow,
author = {Bizer, Christian and Heath, Tom and Berners-Lee, Tim and Hausenblas, Michael},
title = {{Linked Data on the Web (LDOW2011)}},
month = march,
year = {2011},
note = {\url{http://events.linkeddata.org/ldow2011/}}
}


@Misc{sdow,
author = {Passant, Alexandre and Fernández, Sergio and Breslin, Jhon and Bojars, Uldis},
title = {{Social Data On the Web (SDOW2011)}},
month = march,
year = {2011},
note = {\url{http://sdow.semanticweb.org/2011}}
}

@MISC{Wikipedia,
author={Wales, Jimmy and Sanger, Larry},
title = {{Wikipedia}},
note = {\url{http://www.wikipedia.org/}}
}

@MISC{Facebook,
author={Zuckerberg, Mark},
title = {{Facebook}},
note = {\url{http://www.facebook.com/}}
}


@MISC{Linkedin,
author={Linkedin Inc.},
title = {{Linkedin Inc.}},
note = {\url{http://www.linkedin.com/}}
}


@MISC{Amazon,
author={Amazon Inc.},
title = {{Amazon Inc.}},
note = {\url{http://www.amazon.com/}}
}


@MISC{Google,
author={Page, Larry and Brin, Sergey},
title = {{Google Inc.}},
note = {\url{http://www.google.com/}}
}


@MISC{odfn,
author={Open Data Foundation},
title = {{Open Data Foundation}},
note = {\url{http://www.opendatafoundation.org/}}
}

@MISC{okfn,
author={Open Knowledge Foundation Limited},
title = {{Open Knowledge Foundation}},
note = {\url{http://okfn.org/}}
}

@INCOLLECTION{web20,
   author = {Mar\'{i}n, Jose Luis and Labra, José Emilio},
   title = {{Doing Business by selling free services}},
   editor = {P. Ord\'{o}\'{n}ez et al.},
   booktitle = {Web 2.0: The Business Model},
   chapter = 6,
   type = "Part",
   pages = "89--102",
   publisher = "Springer",
   year = 2009
}


@ARTICLE{Berners-Lee2001,
  author = {Berners-Lee, Tim and Hendler, James and Lassila, Ora},
  title = {{T}he {S}emantic {W}eb},
  journal = {Scientific American},
  year = {2001},
  volume = {284},
  pages = {34-43},
  number = {5},
  month = {May},
  biburl = {http://www.bibsonomy.org/bibtex/2222934145a71a9d6cfbbb375d4d62c1d/marciomr},
  keywords = {semantic_web },
  lastdatemodified = {2007-04-27},
  lastname = {Berners-Lee},
  own = {notown},
  read = {notread}
}


@book{Krafzig2004,
 author = {Krafzig, Dirk and Banke, Karl and Slama, Dirk},
 title = {{Enterprise SOA: Service-Oriented Architecture Best Practices (The Coad Series)}},
 year = {2004},
 isbn = {0131465759},
 publisher = {Prentice Hall PTR},
 address = {Upper Saddle River, NJ, USA},
 }


@phdthesis{Fielding2000,
	abstract = {The World Wide Web has succeeded in large part because its software architecture has been designed to meet the needs of an Internet-scale distributed hypermedia system. The Web has been iteratively developed over the past ten years through a series of modifications to the standards that define its architecture. In order to identify those aspects of the Web that needed improvement and avoid undesirable modifications, a model for the modern Web architecture was needed to guide its design, definition, and deployment.Software architecture research investigates methods for determining how best to partition a system, how components identify and communicate with each other, how information is communicated, how elements of a system can evolve independently, and how all of the above can be described using formal and informal notations. My work is motivated by the desire to understand and evaluate the architectural design of networkbased application software through principled use of architectural constraints, thereby obtaining the functional, performance, and social properties desired of an architecture. An architectural style is a named, coordinated set of architectural constraints.This dissertation defines a framework for understanding software architecture via architectural styles and demonstrates how styles can be used to guide the architectural design of network-based application software. A survey of architectural styles for network-based applications is used to classify styles according to the architectural properties they induce on an architecture for distributed hypermedia. I then introduce the Representational State Transfer (REST) architectural style and describe how REST has been used to guide the design and development of the architecture for the modern Web. REST emphasizes scalability of component interactions, generality of interfaces, independent deployment of components, and intermediary components to reduce interaction latency, enforce security, and encapsulate legacy systems. I describe the software engineering principles guiding REST and the interaction constraints chosen to retain those principles, contrasting them to the constraints of other architectural styles.Finally, I describe the lessons learned from applying REST to the design of the Hypertext Transfer Protocol and Uniform Resource Identifier standards, and from their subsequent deployment in Web client and server software.},
	author = {Fielding, Roy T.},
	citeulike-article-id = {1680584},
	citeulike-linkout-0 = {http://portal.acm.org/citation.cfm?id=932295},
	citeulike-linkout-1 = {http://www.ics.uci.edu/~fielding/pubs/dissertation/top.htm},
	editor = {Taylor, Richard N.},
	institution = {University of California, Irvine},
	isbn = {0-599-87118-0},
	keywords = {architecture, rest, thesis, web},
	organization = {University of California, Irvine},
	posted-at = {2009-08-14 02:52:32},
	priority = {2},
	publisher = {University of California, Irvine},
	title = {{A}rchitectural styles and the design of network-based software architectures},
	url = {http://portal.acm.org/citation.cfm?id=932295},
	year = {2000}
}



@TechReport{SOAP11,
  author =       { Don Box and David Ehnebuske and Gopal Kakivaya},
  title =        {{S}imple {O}bject {A}ccess {P}rotocol ({SOAP}) 1.1.},
  institution =  {W3C},
  year =         {2000},
  type = {{W3C} Note},
  note = {http://www.w3.org/TR/2000/NOTE-SOAP-20000508/}
}


@inproceedings{Pound,
 author = {Jeffrey Pound and Peter Mika and Hugo Zaragoza},
 title = {{Ad-hoc object retrieval in the Web of Data}},
 booktitle = {Proc. of the 19th WWW},
 series = {WWW '10},
 year = {2010},
 isbn = {978-1-60558-799-8},
 location = {Raleigh, North Carolina, USA},
 pages = {771--780},
 numpages = {10},
 url = {http://doi.acm.org/10.1145/1772690.1772769},
 doi = {http://doi.acm.org/10.1145/1772690.1772769},
 acmid = {1772769},
 publisher = {ACM},
 address = {New York, NY, USA},
 keywords = {evaluation, object retrieval, semantic search},
} 


@inproceedings{sparqlOpt,
 author = {Buil-Aranda, Carlos and Arenas, Marcelo and Corcho, Oscar},
 title = {{Semantics and Optimization of the SPARQL 1.1 Federation Extension.}},
 booktitle = {Proc. of the 8th ESWC'11},
 series = {ESWC'11},
 year = {2011},
 location = {Heraklion, Greece, 2011},
} 

@MISC{TBL-crisps,
author={Tim Berners-Lee},
title = {{Bag of Crisps at Gov 2.0 Expo, Washington}},
note = {\url{http://techpresident.com/blog-entry/tim-berners-lee-and-bag-crisps}},
month={nov},
year={2010}
}

@techReport{webarch,
  author = {Jacobs, Ian and Walsh, Norman},
  type = {World Wide Web Consortium, Recommendation REC-webarch-20041215},
  interhash = {440dd7697bb68dcfeaec0789cdd1b316},
  intrahash = {1051c6af7e166fa6b3e90cc69da241dd},
  title = {{Architecture of the World Wide Web, Volume One}},
  year = 2004,
  uri = {http://www.w3.org/TR/2004/REC-webarch-20041215},
  month = {dec},  
  institution =  {W3C},
}


@book{WeavingTim,
title = {{Weaving the Web: The Original Design and Ultimate Destiny of the World Wide Web by its Inventor}},
author = {Berners-Lee, Tim and Fischetti, Mark and Dertouzos, Michael},
publisher = {Harper San Francisco},
year = {1999},
description = {References from Heiko Haller, FZI},
isbn = {1402842937},
keywords = {(*) 1999 Berners-Lee book read web }
} 


@Article{berners-lee06a,
  author =	 {Berners-Lee, Tim and Hall, Wendy and Hendler, James and O'Hara, Kieronx and Shadbolt, Nigel and Weitzner, Daniel},
  title =	 {{A Framework for Web Science}},
  journal =	 {Foundations and Trends in Web Science},
  year =	 2006,
  volume =	 1,
  number =	 1,
  pages =	 {1--130},
  doi = 	 {10.1561/18000000018},
  url = 	 {http://jmvidal.cse.sc.edu/library/berners-lee06a.pdf}
}

@MISC{sw-use-cases,
author={W3C},
title = {{Semantic Web Case Studies and Use Cases}},
note = {\url{http://www.w3.org/2001/sw/sweo/public/UseCases/s}},
month={nov},
year={2011}
}



@inproceedings{Berners-lee06tabulator:exploring,
  author = {Berners-Lee, Tim and Chen, Yuhsin and Chilton, Lydia and Connolly, Dan and Dhanaraj, Ruth and Hollenbach, James and Lerer, Adam and Sheets, David},
  booktitle = {Proceedings of the 3rd International Semantic Web User Interaction},
  title = {{Tabulator: Exploring and Analyzing linked data on the Semantic Web}},
  url = {http://swui.semanticweb.org/swui06/papers/Berners-Lee/Berners-Lee.pdf},
  year = 2006,
}


@INPROCEEDINGS{Carroll05namedgraphs,
	author = {Carroll, Jeremy and Bizer, Christian and Hayes, Pat and Stickler, Patrick},
	title = {{Named graphs, provenance and trust}},
	booktitle = {In WWW ’05: Proceedings of the 14th international conference on World Wide Web},
	year = {2005},
	pages = {613--622},
	publisher = {ACM}
}

@INPROCEEDINGS{Hartig09executingsparql,
	author = {Hartig, Olaf and Bizer, Christian and Freytag, J.C.},
	title = {{Executing SPARQL queries over the Web of Linked Data}},
	booktitle = {In 8th International Semantic Web Conference (ISWC)},
	year = {2009}
}

@INPROCEEDINGS{Pietriga06fresnel,
	author = {Emmanuel Pietriga and Christian Bizer and David Karger and Ryan Lee},
	title = {{Fresnel - a browser-independent presentation vocabulary for RDF}},
	booktitle = {In: Proceedings of the Second International Workshop on Interaction Design and the Semantic Web},
	year = {2006},
	pages = {158--171},
	publisher = {Springer}
}

@TechReport{Sparql,
  author =       {Prud'hommeaux, Eric and Seaborne, Andy},
  title =        {{SPARQL} {Q}uery {L}anguage for {RDF}},
  institution =  {W3C},
  year =         {2007},
  type = {{W3C} Recommendation},
  note = {http://www.w3.org/TR/rdf-sparql-query/}
}


@INPROCEEDINGS{Ankolekar07thetwo,
    author = {Ankolekar, Anupriya and Krötzsch, Markus and Tran, Thanh and Vrandecic, Denny},
    title = {{The Two Cultures: Mashing up Web 2.0 and the Semantic Web}},
    booktitle = {In: Proceedings of the  16th International Conference on World Wide Web. 2007 MAY 7-8},
    year = {2007},
    publisher = {ACM Press}
}

@Electronic{bizer07how,
	author = "Bizer, Christian and Cyganiak, Richard and Heath, Tom",
	title = "{{How to publish Linked Data on the Web}}",
	url = "http://www4.wiwiss.fu-berlin.de/bizer/pub/LinkedDataTutorial/",
	year = "2007"
}


@TechReport{Berr08,
	author = "Berrueta, Diego and Phipps, Jon and Miles, Alistair and Baker, Thomas and Swick, Ralph",
	keywords = "linked-data, rdf, semantic-web",
	month = {aug},
	posted-at = "2009-12-21 15:21:28",
	title = "{Best Practice Recipes for Publishing RDF Vocabularies}",
	url = "http://www.w3.org/TR/swbp-vocab-pub/",
	year = "2008",
	type="W3C Working Group Note"
}


@Misc{fr2012,
author = {Gouvernement Français},
title = {{La politique de la France en matière d’ouverture des données publiques.}},
month = dec,
year = {2011},
note = {\url{http://www.data.gouv.fr/Articles/La-politique-de-la-France-en-matiere-d-ouverture-des-donnees-publiques}}
}

@Misc{uk2012,
author = {UK Government},
title = {{Openning Up Government}},
month = dec,
year = {2011},
note = {\url{http://data.gov.uk/}}
}

@Misc{usa,
author = {White House},
title = {{Open Government Initiative}},
month = jan,
year = {2009},
note = {\url{http://www.whitehouse.gov/open}}
}




@Misc{d2003-update,
author = {European Commission},
title = {{Digital Agenda: Turning government data into gold.}},
month = dec,
year = {2012},
note = {\url{http://europa.eu/rapid/pressReleasesAction.do?reference=IP/11/1524&format=HTML&aged=0&language=en&guiLanguage=en}}
}


@Misc{d2003,
author = {European Parliament and European Council},
title = {{Directive 2003/98/EC of the European Parliament and of the Council of 17 November 2003 on the re-use of public sector information.}},
month = nov,
year = {2003},
note = {\url{http://ec.europa.eu/information_society/policy/psi/docs/pdfs/directive/psi\_directive\_en.pdf}}
}

@Misc{l37-2007,
author = {Ministerio de Presidencia},
title = {{Ley 37/2007, de 16 de noviembre, sobre reutilización de la información del sector público.}},
month = nov,
year = {2007},
note = {\url{http://www.boe.es/aeboe/consultas/bases_datos/doc.php?id=BOE-A-2007-19814}}
}

@Misc{r-1495,
author = {Ministerio de Presidencia},
title = {{Real Decreto 1495/2011, de 24 de octubre, por el que se desarrolla la Ley 37/2007, de 16 de noviembre, sobre reutilización de la información del sector público, para el ámbito del sector público estatal.}},
month = nov,
year = {2011},
note = {\url{http://www.boe.es/diario_boe/txt.php?id=BOE-A-2011-17560}}
}


@TechReport{improvingW3c,
  author =       {Acar, Suzanne and Alonso, Jose Manuel and Novak, Kevin},
  title =        {{Improving Access to Government through Better Use of the Web}},
  institution =  {W3C},
  year =         {2009},
  type = {{W3C} Note},
  note = {\url{http://www.w3.org/TR/2009/NOTE-egov-improving-20090512/}}
}

@Misc{8-principles,
author = {Open Government Data Initiative},
title = {{Open Government Data Principles.}},
month = dec,
year = {2007},
note = {\url{https://public.resource.org/8\_principles.html}}
}



@Misc{policy-eu,
author = {European Commision},
title = {{ICT for Government and Public Services. Action Plan 2011 - 2015.}},
month = dec,
year = {2010},
note = {\url{http://ec.europa.eu/information_society/activities/egovernment/policy/index\_en.htm}}
}


@TechReport{publishing-ogd,
  author =       {Bennett, Daniel and Harvey, Adam},
  title =        {{Publishing Open Government Data}},
  institution =  {W3C},
  year =         {2009},
  type = {{W3C} Working Draft},
  note = {\url{http://www.w3.org/TR/gov-data/}}
}


@Misc{zar-survey,
author = {Ayuntamiento de Zaragoza},
title = {{Datos que me gustaría reutilizar}},
month = dec,
year = {2011},
note = {\url{http://zaragoza.uservoice.com/}}
}

@Misc{uk-survey,
author = {UK Government},
title = {{Opening Up Government-Ideas}},
month = dec,
year = {2011},
note = {\url{http://data.gov.uk/ideas}}
}


@article{DBLP:journals/semweb/DadzieR11,
  author    = {Dadzie, Aba-Sah and Rowe, Matthew},
  title     = {{Approaches to visualising Linked Data: A survey}},
  journal   = {Semantic Web},
  volume    = {2},
  number    = {2},
  year      = {2011},
  pages     = {89-124},
  ee        = {http://dx.doi.org/10.3233/SW-2011-0037},
  bibsource = {DBLP, http://dblp.uni-trier.de}
}

@article{ hoga-etal-2011-swse-JWS,
  volume = {accepted},
  publisher = {Elsevier},
  title = {{Searching and Browsing Linked Data with SWSE: The Semantic Web Search Engine}},
  url = {http://www.sciencedirect.com/science/article/pii/S1570826811000473},
  author = {Aidan Hogan and Andreas Harth and Jürgen Umbrich and Sheila Kinsella and Axel Polleres and Stefan Decker},
  note = {In press},
  year = {2011},
  type = {journal},
  journal = {Journal of Web Semantics (JWS)},
  projects = {lion2}
}


@inbook{Andreas_Schultz_Isele_Bizer_Becker_2011, 
title={{LDIF - Linked Data Integration Framework}}, 
booktitle={Proceedings of the 11th Interational Semantic Web Conference ISWC2011}, 
author={Andreas Schultz, Andrea Matteini and Isele, Robert and Bizer, Christian and Becker, Christian}, 
year={2011}, pages={1--4}
}

@inproceedings{Harth:2011:SIP:1963192.1963318,
 author = {Andreas Harth and Aidan Hogan and Stephan Kotoulas and Jacopo Urbani},
 title = {{Scalable integration and processing of linked data}},
 booktitle = {Proc. of the 20th international conference companion on World wide web},
 series = {WWW '11},
 year = {2011},
 isbn = {978-1-4503-0637-9},
 location = {Hyderabad, India},
 pages = {295--296},
 numpages = {2},
 url = {http://doi.acm.org/10.1145/1963192.1963318},
 doi = {http://doi.acm.org/10.1145/1963192.1963318},
 acmid = {1963318},
 publisher = {ACM},
 address = {New York, NY, USA},
 keywords = {linked data},
} 

@inproceedings{Jeung:2010:EMM:1850003.1850235,
 author = {Jeung, Hoyoung and Sarni, Sofiane and Paparrizos, Ioannis and Sathe, Saket and Aberer, Karl and Dawes, Nicholas and Papaioannou, Thanasis G. and Lehning, Michael},
 title = {{Effective Metadata Management in Federated Sensor Networks}},
 booktitle = {Proceedings of the 2010 IEEE International Conference on Sensor Networks, Ubiquitous, and Trustworthy Computing},
 series = {SUTC '10},
 year = {2010},
 isbn = {978-0-7695-4049-8},
 pages = {107--114},
 numpages = {8},
 url = {http://dx.doi.org/10.1109/SUTC.2010.29},
 doi = {http://dx.doi.org/10.1109/SUTC.2010.29},
 acmid = {1850235},
 publisher = {IEEE Computer Society},
 address = {Washington, DC, USA},
 keywords = {sensor metadata, federated sensor networks},
} 

@INPROCEEDINGS{ontology-search,
  author = {Jean-Paul Calbimonte and Hoyoung Jeung and Oscar Corcho and Karl Aberer},
  title = {Semantic Sensor Data Search in a Large-Scale Federated Sensor Network},
  booktitle = {SSN},
  year = {2011},
  pages = {14--29}
}


@Misc{open-corporates,
author = {Chris Taggart and Rob McKinnon},
title = {{OpenCorporates-The Open Database Of The Corporate World}},
month = dec,
year = {2011},
note = {\url{http://opencorporates.com/}}
}


@Misc{facebook-ld,
author = {Facebook Inc.},
title = {{Facebook Linked Data Support}},
month = oct,
year = {2011},
note = {\url{http://graph.facebook.com}}
}


@TechReport{rdfa-primer,
  author =       {Ben Adida and Mark Birbeck},
  title =        {{RDFa Primer, Bridging the Human and Data Webs}},
  institution =  {W3C},
  year =         {2008},
  type = {{W3C} Working Group Note},
  note = {\url{http://www.w3.org/TR/xhtml-rdfa-primer/}}
}

@TechReport{rdf-syntax,
  author =       {Dave Beckett},
  title =        {{RDF/XML Syntax Specification (Revised)}},
  institution =  {W3C},
  year =         {2008},
  type = {{W3C} Recommendation},
  note = {\url{http://www.w3.org/TR/rdf-syntax-grammar/}}
}


@TechReport{turtle-syntax,
  author =       {Dave Beckett and Tim Berners-Lee and Eric Prud'hommeaux},
  title =        {{Turtle-Terse RDF Triple Language}},
  institution =  {W3C},
  year =         {2011},
  type = {{W3C} Working Draft },
  note = {\url{http://www.w3.org/TR/turtle/}}
}


@TechReport{n3-syntax,
  author =       {Tim Berners-Lee and Dan Connolly},
  title =        {{Notation3 (N3): A readable RDF syntax}},
  institution =  {W3C},
  year =         {2011},
  type = {{W3C} Team Submission},
  note = {\url{http://www.w3.org/TeamSubmission/n3/}}
}

@TechReport{rdf-binario,
  author =       {Javier D. Fernández and Miguel A. Martínez-Prieto and Claudio Gutierrez and Claudio Gutierrez},
  title =        {{Binary RDF Representation for Publication and Exchange (HDT)}},
  institution =  {W3C},
  year =         {2011},
  type = {{W3C} Member Submission },
  note = {\url{http://www.w3.org/Submission/HDT/}}
}


@TechReport{rdf-json,
  author =       {Manu Sporny and Chris Matheus and Nathan Rixham and Andy Seaborne and Thomas Steiner and Matteo Brunati and David Wood and Pat Hayes and Sandro Hawke and Nicholas Humfrey},
  title =        {{JSON RDF Task Force}},
  institution =  {W3C},
  year =         {2011},
  type = {{W3C} Task Force},
  note = {\url{http://www.w3.org/2011/rdf-wg/wiki/TF-JSON}}
}


@TechReport{linked-data-cookbook,
  author =       {Bernadette Hyland and  Boris Villazón Terrazas and Sarven Capadisli},
  title =        {{Cookbook for Open Government Linked Data }},
  institution =  {W3C},
  year =         {2011},
  type = {{W3C} Task Force-Government Linked Data Group},
  note = {\url{http://www.w3.org/2011/gld/wiki/Linked_Data_Cookbook}}
}

@Misc{linked-data-patterns,
author = {Leigh Dodds and Ian Davis},
title = {{Linked Data Patterns. A pattern catalogue for modelling, publishing, and consuming Linked Data}},
month = aug,
year = {2011},
note = {\url{http://patterns.dataincubator.org/book/}}
}
  



@article{Bizer:2009:D-C:1640541.1640848,
 author = {Bizer, Christian and Lehmann, Jens and Kobilarov, Georgi and Auer, S\"{o}ren and Becker, Christian and Cyganiak, Richard and Hellmann, Sebastian},
 title = {{DBpedia - A crystallization point for the Web of Data}},
 journal = {Web Semant.},
 volume = {7},
 issue = {3},
 month = {September},
 year = {2009},
 issn = {1570-8268},
 pages = {154--165},
 numpages = {12},
 url = {http://dl.acm.org/citation.cfm?id=1640541.1640848},
 doi = {10.1016/j.websem.2009.07.002},
 acmid = {1640848},
 publisher = {Elsevier Science Publishers B. V.},
 address = {Amsterdam, The Netherlands, The Netherlands},
 keywords = {Knowledge extraction, Linked Data, RDF, Web of Data, Wikipedia},
} 

@Misc{freebase,
author = {Freebase Inc.},
title = {{Freebase is an open, Creative Commons licensed graph database}},
month = nov,
year = {2011},
note = {\url{http://www.freebase.com/}}
}
  
@Misc{geonames,
author = {Marc Wick},
title = {{The GeoNames geographical database}},
month = nov,
year = {2011},
note = {\url{http://www.geonames.org/}}
}

@Misc{open-street-maps,
author = {Open Street Map Org.},
title = {{Open Street Map}},
month = nov,
year = {2011},
note = {\url{http://www.openstreetmap.org/}}
}

@article{SLHA11,
  author = {Stadler, Claus and Lehmann, Jens and Höffner, Konrad and Auer, S{\"o}ren},
  interhash = {028c59787b2d4a2a40c7db12eb91ede8},
  intrahash = {0641b7e1b83a0f85d3fdd1c22424c982},
  journal = {Semantic Web Journal},
  title = {{LinkedGeoData: A Core for a Web of Spatial Open Data}},
  year = 2011,
  timestamp = {2011-11-30T11:22:10.000+0100},
  keywords = {auer hoeffner lehmann stadler sys:relevantFor:bis sys:relevantFor:infai},
  added-at = {2011-11-30T11:22:10.000+0100},
  owner = {raven},
  biburl = {http://www.bibsonomy.org/bibtex/20641b7e1b83a0f85d3fdd1c22424c982/aksw}
}




@techreport{Sauermann+2007a,
  author = {Sauermann, Leo and Cyganiak, Richard and V\"olkel, Max},
  institution = {DFKI GmbH},
  interhash = {46c4beb49daaba6b885e05bc847f664a},
  intrahash = {3c2f15bfdf9690885bfc189fd99f95b2},
  note = {Written by 29.11.2006},
  number = {TM-07-01},
  title = {{Cool URIs for the Semantic Web}},
  type = {Technical Memo},
  url = {http://www.dfki.uni-kl.de/dfkidok/publications/TM/07/01/tm-07-01.pdf},
  year = 2007,
  timestamp = {2008-03-21T13:45:40.000+0100},
  keywords = {URIs Völkel cool semanticWeb},
  added-at = {2008-03-21T13:45:40.000+0100},
  pdf = {Sauermann+2007a.pdf},
  owner = {sauermann},
  biburl = {http://www.bibsonomy.org/bibtex/23c2f15bfdf9690885bfc189fd99f95b2/moritzstefaner},
  month = {feb}
}


@misc{bernerslee1998uri,
  author = {Berners-Lee, Tim},
  interhash = {670e99875c5fd41fee05e9f0ec4c808c},
  intrahash = {32d7ad905f83bcff44f82b9f1e5953c7},
  publisher = {World Wide Web Consortium},
  title = {{Cool URIs don't change}},
  url = {http://www.w3.org/Provider/Style/URI.html},
  year = 1998,
  timestamp = {2008-03-20T00:03:39.000+0100},
  keywords = {URI classic semanticweb style web},
  added-at = {2008-03-20T00:03:39.000+0100},
  biburl = {http://www.bibsonomy.org/bibtex/232d7ad905f83bcff44f82b9f1e5953c7/brightbyte}
}


@TechReport{uris-uk,
  author =       {CTO Council's cross Government Enterprise Architecture.},
  title =        {{Designing URI Sets for the UK Public Sector.}},
  institution =  {UK Government},
  year =         {2010},
  type = {Draft}
}

@INPROCEEDINGS{Cyganiak08semanticsitemaps,
    author = {Richard Cyganiak and Holger Stenzhorn and Renaud Delbru and Stefan Decker and Giovanni Tummarello},
    title = {{Semantic Sitemaps: Efficient and flexible access to datasets on the Semantic Web}},
    booktitle = {In Proceedings of the 5th European Semantic Web Conference},
    year = {2008},
    pages = {690--704}
}



@inproceedings{DBLP:conf/ipaw/HartigZ10,
  author    = {Olaf Hartig and Jun Zhao},
  title     = {{Publishing and Consuming Provenance Metadata on the Web of Linked Data}},
  booktitle = {IPAW},
  year      = {2010},
  pages     = {78--90}
}


@TechReport{void,
  author =       {Keith Alexander and Richard Cyganiak and Michael Hausenblas and Jun Zhao },
  title =        {{Describing Linked Datasets with the VoID Vocabulary}},
  institution =  {W3C},
  year =         {2011},
  type = {{W3C} Interest Group Note},
  note = {\url{   http://www.w3.org/TR/void/}}
}


@Misc{ld-memento,
author = {Memento Development Group and Library of Congress},
title = {{Memento Adding Time to the Web}},
month = nov,
year = {2011},
note = {\url{http://www.mementoweb.org/}}
}

@Misc{ld-licencias,
author = {Naomi Korn and Charles Oppenheim},
title = {{Licensing Open Data: A Practical Guide}},
month = jun,
year = {2011},
note = {\url{http://discovery.ac.uk/files/pdf/Licensing_Open_Data_A_Practical_Guide.pdf}}
}

@TechReport{gld-lifecycle,
  author =       {Michael Hausenblas and Boris Villazón-Terrazas and Bernadette Hyland},
  title =        {{GLD Life cycle}},
  institution =  {W3C},
  year =         {2011},
  type = {{W3C} Government Linked Data Group},
  note = {\url{http://www.w3.org/2011/gld/wiki/GLD_Life_cycle}}
}


@Misc{talis,
author = {Talis Inc.},
title = {{Talis Platform}},
month = nov,
year = {2011},
note = {\url{http://www.talis.com/platform/}}
}

@Misc{lod2-project,
author = {LOD2 European Project FP7.},
title = {{ LOD2 -- Creating Knowledge out of Interlinked Data.}},
month = aug,
year = {2010},
note = {\url{http://lod2.eu}}
}

@Misc{planet-data-project,
author = {PlanetData European Project FP7.},
title = {{PlanetData. A European Network of Excellence on Large-Scale Data Management}},
month = feb,
year = {2012},
note = {\url{http://planet-data.eu/}}
}



@Misc{web-data-commons-project,
author = {Christian Bizer and Hannes M\"{}hleisen, Andreas Harth and Steffen Stadtm\"{}ller},
title = {{Web Data Commons: Extracting Structured Data from the Common Web Crawl}},
month = mar,
year = {2012},
note = {\url{http://webdatacommons.org/}}
}


@techreport{lod2-stack,
  author = {TenForce},
  title = {{D1.4 – Early LOD2 Stack prototype}},
  institution = {LOD2 Project},
  year = {2011},
  type = {{Deliverable of European Project}},
  note = {\url{http://static.lod2.eu/Deliverables/LOD2_D1.4_Early_Stack_Prototype.pdf}},
}


@Misc{basic-profile-ibm,
author = {Martin Nally and Steve Speicher},
title = {{Toward a Basic Profile for Linked Data.}},
month = dec,
year = {2011},
note = {\url{http://www.ibm.com/developerworks/rational/library/basic-profile-linked-data/index.html}}
}

@inproceedings{methodologyCaepia2011,
  author = {Cifuentes-Silva, Francisco and Alvarez, Jose María and Labra, José Emilio},
  editor = {CAEPIA 2011, Proceedings},
  title = {{An architecture and process of implantation for Linked Data environments}},
  year = 2011,
  keywords = {2011 architecture caepia implantation process weso},
  }



@inproceedings{DBLP:conf/i-semantics/Cifuentes-SilvaSG11,
  author    = {Francisco Adolfo Cifuentes-Silva and Christian Sifaqui and Jos{\'e} Emilio Labra Gayo},
  title     = {{Towards an architecture and adoption process for linked data technologies in open government contexts: a case study for the Library of Congress of Chile}},
  booktitle = {I-SEMANTICS},
  year      = {2011},
  pages     = {79--86} 
}


@TechReport{wcag2,
  author =       {Ben Caldwell and Michael Cooper and Loretta Guarino and Gregg Vanderheiden},
  title =        {{Web Content Accessibility Guidelines (WCAG) 2.0}},
  institution =  {W3C},
  year =         {2008},
  type = {{W3C} Recommendation},
  note = {\url{http://www.w3.org/TR/WCAG20/}}
}



@TechReport{HTML5,
  author =       {Ian Hickson},
  title =        {{HTML5-A vocabulary and associated APIs for HTML and XHTML}},
  institution =  {W3C},
  year =         {2011},
  type = {{W3C} Working Draft},
  note = {\url{http://www.w3.org/TR/html5/}}
}
@Misc{rss,
author = {RSS Specifications},
title = {{RSS Specifications.}},
month = dec,
year = {2011},
note = {\url{http://www.rss-specifications.com/rss-specifications.htm}}
}

@misc{atom-rfc,
  author = {Mark Nottingham and Robert Sayre},
  title = {{RFC 4287,  The Atom Syndication Format}},
  url = {\url{http://www.rfc.net/rfc2616.html}},
  year = 2005,
}

@TechReport{gld-group,
  author =       {W3C Members},
  title =        {{Government Linked Data Working Group Charter}},
  institution =  {W3C},
  year =         {2011},
  type = {{W3C} Group},
  note = {\url{http://www.w3.org/2011/gld/charter}}
}

@TechReport{prov-group,
  author =       {W3C Members},
  title =        {{Provenance Working Group}},
  institution =  {W3C},
  year =         {2011},
  type = {{W3C} Group},
  note = {\url{http://www.w3.org/2011/prov/wiki/Main_Page}}
}



@TechReport{best-gld,
  author =       {W3C Members},
  title =        {{Best Practices Discussion Summary}},
  institution =  {W3C},
  year =         {2011},
  type = {{W3C} Government Linked Data Working Group First F2F},
  note = {\url{http://www.w3.org/2011/gld/wiki/Best_Practices_Discussion_Summary}}
}



@inproceedings{tramp-s-2010-ekaw-demo,
  author = {Tramp, Sebastian and Frischmuth, Philipp and Heino, Norman},
  editor = {Corcho, Oscar and Voelker, Johanna},
  booktitle = {Demo Proceedings of the EKAW 2010},
  title = {Onto{W}iki -- a {S}emantic {D}ata {W}iki {E}nabling the {C}ollaborative  {C}reation and ({L}inked {D}ata) {P}ublication of {RDF} {K}nowledge  {B}ases},
  url = {\url{http://svn.aksw.org/papers//2010/EKAW_Demo_OntoWiki/public.pdf}},
  year = 2010,
  month = {oct}
}

@inbook{Bizer_Cyganiak_2006, 
title={{D2R Server - Publishing Relational Databases on the Semantic Web}}, 
url={\url{http://www4.wiwiss.fu-berlin.de/bizer/d2r-server/}}, 
booktitle={Proceedings of the 5th International Semantic Web Conference}, 
publisher={Citeseer}, 
author={Bizer, Christian and Cyganiak, Richard}, 
year={2006}}


@inproceedings{TummarelloDO07,
  title = {{Sindice.com: Weaving the Open Linked Data}},
  author = {Giovanni Tummarello and Renaud Delbru and Eyal Oren},
  year = {2007},
  doi = {http://dx.doi.org/10.1007/978-3-540-76298-0_40},
  tags = {weaving},
  researchr = {http://researchr.org/publication/TummarelloDO07},
  cites = {0},
  citedby = {0},
  pages = {552-565},
  booktitle = {The Semantic Web, 6th International Semantic Web Conference, 2nd Asian Semantic Web Conference, ISWC 2007 + ASWC 2007, Busan, Korea, November 11-15, 2007},
  editor = {Karl Aberer and Key-Sun Choi and Natasha Fridman Noy and Dean Allemang and Kyung-Il Lee and Lyndon J. B. Nixon and Jennifer Golbeck and Peter Mika and Diana Maynard and Riichiro Mizoguchi and Guus Schreiber and Philippe Cudré-Mauroux},
  volume = {4825},
  series = {Lecture Notes in Computer Science},
  publisher = {Springer},
  isbn = {978-3-540-76297-3},
}



@inproceedings{www2009227,
  author = {Bizer, Christian and Volz, Julius and Kobilarov, Georgi and Gaedke, Martin},
  booktitle = {18th International World Wide Web Conference},
  title = {{Silk - A Link Discovery Framework for the Web of Data}},
  url = {\url{http://www2009.eprints.org/227/}},
  year = 2009,
  month = {apr},
}

@INPROCEEDINGS{Boncz06monetdb/xquery:a,
    author = {Peter Boncz and Torsten Grust and Maurice Keulen and Stefan Manegold and Jan Rittinger and Jens Teubner},
    title = {{MonetDB/XQuery: a fast XQuery processor powered by a relational engine}},
    booktitle = {In SIGMOD},
    year = {2006},
    pages = {479--490}
}



@TechReport{ckanValidator,
	author = "TaskForce Linking Open Data DataSets",
	month = {dec},
	title = "{Guidelines for Collecting Metadata on Linked Datasets in CKAN}",
	url = "\url{http://www.w3.org/wiki/TaskForces/CommunityProjects/LinkingOpenData/DataSets/CKANmetainformation}",
	year = "2011",
	type="W3C Working Group Note"
}




@TechReport{SparqlSemantics,
  author =       {Jorge Pérez and Marcelo Arenas and Claudio Gutierrez},
  title =        {{S}emantics of {SPARQL}},
  institution =  {Universidad de Chile},
  year =         {2006},
  type = {{TR/DCC}-2006-17},
  note = {\url{http://www2.ing.puc.cl/~jperez/papers/sparql\_semantics.pdf}}
}


@TechReport{RDFS,
  author =       {Dan Brickley and R.V. Guha},
  title =        {{RDF Vocabulary Description Language 1.0: RDF Schema}},
  institution =  {W3C},
  type = {{W3C} Recommendation},
  year =         {2004}
}


@TechReport{RDF,
  author =       {G. Klyne and JJ. Carroll},
  title =        {{R}esource {D}escription {F}ramework ({RDF}): {C}oncepts and {A}bstract {S}yntax},
  institution =  {W3C},
  year =         {2004},
  type = {{W3C} Recommendation},
  note = {http://www.w3.org/TR/rdf-concepts/}
}



@TechReport{owl2-primer,
 author    = {Pascal Hitzler and Markus Kr\"{o}tzsch and Bijan Parsia and Peter F. Patel-Schneider and Sebastian Rudolph},
 title     = {{OWL~2 Web Ontology Language: Primer}},
 publisher = {{W3C Recommendation}},
 note      = {\url{http://www.w3.org/TR/owl2-primer/}},
 year      = {2009}
}


@incollection{Bruijin2006,
  author = {Jos de  Bruijn and Marc Ehrig and Cristina Feier and Francisco Mart\'{i}n-Recuerda and Fran\c{c}ois  Scharffe and Moritz Weiten },
  title = {{Ontology mediation, merging and aligning}},
  booktitle = {Semantic Web Technologies},
  publisher = {Wiley, UK},
  year = 2006,
  url = {http://www.debruijn.net/publications/mediation-chapter.pdf}
}



@inproceedings{NM00,
	address = {Austin, Texas, USA},
	author = {Noy, Fridman  Natasha  and Musen, M. A. },
	booktitle = {Proc. 17th Intl. Conf. on Artificial Intelligence (AAAI 2000)},
	keywords = {no-tag},
	month = {July--August},
	pages = {450--455},
	priority = {2},
	title = {{PROMPT: Algorithm and Tool for Automated Ontology Merging and Alignment}},
	year = {2000}
}


@article{Serimi, 
  title={{SERIMI – Resource Description Similarity , RDF Instance Matching and Interlinking}}, 
  url={http://arxiv.org/abs/1107.1104}, 
  journal={Work}, 
  author={Araujo, Samur and Hidders, Jan and Schwabe, Daniel and De Vries, Arjen P}, 
  year={2011}}


@article{Maali_Cyganiak_2011, title={{Re-using Cool URIs : Entity Reconciliation Against LOD Hubs}}, url={http://events.linkeddata.org/ldow2011/papers/ldow2011-paper11-maali.pdf}, journal={Library}, author={Maali, Fadi and Cyganiak, Richard}, year={2011}, pages={8}}


@ARTICLE{HoganUHCPD:2012:237, AUTHOR = "Aidan Hogan and Jurgen Umbrich and Andreas Harth and Richard Cyganiak and Axel Polleres and Stefan Decker", JOURNAL = "Journal of Web Semantics (to appear)", 
TITLE = "{An empirical survey of Linked Data conformance}", YEAR = "2012", }


@inproceedings{schultz2011,
  author = {Schultz, Andreas and Matteini, Andrea and Isele, Robert and Bizer, Christian and Becker, Christian},
  interhash = {949c868e1eae745f013f2cb869b52fba},
  intrahash = {4afa639bd03abaa1a834aa605647ee61},
  title = {{LDIF : Linked Data Integration Framework}},
  url = {http://iswc2011.semanticweb.org/fileadmin/iswc/Papers/PostersDemos/iswc11pd_submission_49.pdf},
  year = 2011,
  keywords = {semantic_web linkeddata iswc2011 data_integration},
  added-at = {2012-01-18T15:58:16.000+0100},
  biburl = {http://www.bibsonomy.org/bibtex/24afa639bd03abaa1a834aa605647ee61/fgimpel}
}


@article{dbpedia2009,
  author = {Bizer, Christian and Lehmann, Jens and Kobilarov, Georgi and Auer, Sören and Becker, Christian and Cyganiak, Richard and Hellmann, Sebastian},
  title = {{DBpedia : a crystallization point for the web of data}},
  year = 2009
}


@inproceedings{BPKL06,
  author = {Bizer, Christian and Pietriga, Emmanuel and Karger, David and Lee, Ryan},
  booktitle = {Proc. of 5th International Semantic Web Conference, Athens, GA, USA, November 5-9, 2006, LNCS 4273},
  title = {{Fresnel: A Browser-Independent Presentation Vocabulary for RDF }},
  url = {http://sites.wiwiss.fu-berlin.de/suhl/bizer/pub/Fresnel-ISWC2006.pdf},
  year = 2006,
}


@TechReport{w3c-prov,
  author =       {Luc Moreau and Paolo Missier},
  title =        {{The PROV Data Model and Abstract Syntax Notation}},
  institution =  {W3C},
  year =         {2011},
  type = {{W3C} Working Draft},
  note = {\url{http://www.w3.org/TR/2011/WD-prov-dm-20111018/}}
}



@Misc{poolparty,
author = {PoolParty},
title = {{Metadata Management | Enterprise Search | Text mining | Data integration}},
month = dec,
year = {2011},
note = {\url{http://poolparty.biz/}}
}

@Article{ citeulike:8529753,
	author = "Giovanni Tummarello and Richard Cyganiak and Michele Catasta and Szymon Danielczyk and Renaud Delbru and Stefan Decker",
	issn = "15708268",
	journal = "Web Semantics: Science, Services and Agents on the World Wide Web",
	month = nov,
	number = "4",
	pages = "355--364",
	title = "{Sig.ma: Live views on the Web of Data}",
	url = "\url{http://dx.doi.org/10.1016/j.websem.2010.08.003}",
	volume = "8",
	year = "2010"
}



@article{lehmann2009,
  author = {Lehmann, Jens},
  journal = {Journal of Machine Learning Research (JMLR)},
  pages = {2639--2642},
  title = {{DL-Learner: Learning Concepts in Description Logics}},
  url = {\url{http://www.jmlr.org/papers/volume10/lehmann09a/lehmann09a.pdf}},
  volume = 10,
  year = 2009
}


@Misc{Sparallax,
author = {Sparallax},
title = {{Faceted browsing interface for SPARQL endpoint}},
month = dec,
year = {2011},
note = {\url{http://sparallax.deri.ie/}}
}



@Misc{Triplify,
author = {Triplify},
title = {{Expose Semantics!}},
month = dec,
year = {2011},
note = {\url{http://triplify.org/}}
}

@Misc{Virtuoso,
author = {Open Link Software Inc.},
title = {{Virtuoso Universal Server}},
month = dec,
year = {2011},
note = {\url{http://virtuoso.openlinksw.com/}}
}

@Misc{wiqa,
author = {Christian Bizer and Richard Cyganiak and Oliver Maresch and Tobias Gauss},
title = {{The WIQA Browser V0.3. Information Quality Assessment enabled Semantic Web Browser}},
month = dec,
year = {2011},
note = {\url{http://virtuoso.openlinksw.com/}}
}

@Misc{ckan,
author = {Open Knowledge Foundation},
title = {{CKAN - the Open Source Data Hub Software}},
month = dec,
year = {2011},
note = {\url{http://ckan.org/}}
}


@book{Bauer2012, 
 title={{Linked Open Data: The Essentials: A Quick Start Guide for Decision Makers}},
 volume={1}, 
 number={1}, 
 author={Florian Bauer and Martin Kaltenböck}, 
 year={2012}, 
 pages={1--64},
 isbn = {978-3902796059}
}




@article{journals/semweb/DadzieR11,
  author = {Dadzie, Aba-Sah and Rowe, Matthew},
  journal = {Semantic Web},
  number = 2,
  pages = {89-124},
  title = {{Approaches to visualising Linked Data: A survey.}},
  volume = 2,
  year = 2011,
  timestamp = {2011-09-14T00:00:00.000+0200}
}





@Misc{ld-quality,
author = {Helena Deus},
title = {{A survey of Linked Data Quality Metrics}},
month = feb,
year = {2012}
}


@Misc{lod-stats,
author = {LOD2 Project},
title = {{LOD Stats}},
month = feb,
year = {2012},
url={\url{http://stats.lod2.eu/}}
}


@inproceedings{DBLP:conf/semweb/MalleaAHP11,
  author    = {Alejandro Mallea and Marcelo Arenas and Aidan Hogan and Axel Polleres},
  title     = {{On Blank Nodes}},
  booktitle = {International Semantic Web Conference},
  year      = {2011},
  pages     = {421-437},
  ee        = {http://dx.doi.org/10.1007/978-3-642-25073-6_27}
}


@inproceedings{HausenblasCloudLOD,
  author    = {Michael Hausenblas and Robert Grossman and Andreas Harth and Philippe Cudré-Mauroux},
  title     = {{Large-Scale Linked Data Processing: Cloud Computing to the Rescue?}},
  booktitle = {2nd International Conference on Cloud Computing and Services Science},
  year      = {2012}  
}


@article{citeulike:3875270,
  author = {Bizer, Christian and Cyganiak, Richard},
  issn = {15708268},
  journal = {Web Semantics: Science, Services and Agents on the World Wide Web},
  month = {jan},
  number = 1,
  pages = {1--10},
  title = {{Quality-driven information filtering using the WIQA policy framework}},
  url = {\url{http://dx.doi.org/10.1016/j.websem.2008.02.005}},
  volume = 7,
  year = 2009
}

@phdthesis{bizer2007,
	author = {Christian Bizer},
	institution = {Freie Universitat Berlin, Germany},
	organization = {Freie Universitat Berlin, Germany},
	priority = {2},
	publisher = {Freie Universitat Berlin, Germany},
	title = {{Quality-Driven Information Filtering in the Context of Web-Based Information Systems}},
	year = {2007}
}


@techreport{link-qa,
  author = {Claus Stadler and Christophe Guéret and Jens Lehmann and Paul Groth and Anja Jentzsch},
  title = {{D1.4.1 First Deployment of QA Module}},
  institution = {LATC Project},
  year = {2011},
  type = {{Deliverable of European Project}}
}

@techreport{lodq,
  author = {Olye Rickson, Alvaro Graves},
  title = {{LOD Data Quality Vocabulary: LODQ}},
  institution = {{Linking Open Government Data}},
  year = {2011},
  type = {{Working Draft}},
  note = {\url{http://logd.tw.rpi.edu/lodq}}
}


@TechReport{basic-profile-w3c,
  author =       {Martin Nally and Steve Speicher and John Arwe and Arnaud Le Hors},
  title =        {{Linked Data Basic Profile 1.0}},
  institution =  {W3C},
  year =         {2012},
  type = {{W3C Member Submission}},
  note = {\url{http://www.w3.org/Submission/2012/02/}}
}


@techreport{dave-w3c,
  author = {Dave Reynolds},
  title = {{An organization ontology}},
  institution = {{W3C}},
  year = {2012},
  type = {{Working Draft}},
  note = {\url{http://www.w3.org/TR/vocab-org/}}
}

