@article{freews,
author = {Alejandro Montes Garc\'{\i}a and Jose Mar\'{\i}a {\'A}lvarez Rodr\'{\i}guez and Jose Emilio Labra Gayo and Marcos Mart\'{\i}nez Merino},
title = {{Towards a journalist-based news recommendation system: The Wesomender approach}},
journal = {Expert Systems with Applications},
year = {2013}
note = {In Press},
issn = {0957-4174},
volume    = {0},
number    = {0},
doi = {http://dx.doi.org/10.1016/j.eswa.2013.06.032}
}

@article{DBLP:journals/ijksr/RodriguezGP12,
  author    = {Jose Mar\'{\i}a {\'A}lvarez Rodr\'{\i}guez and
               Jos{\'e} Emilio Labra Gayo and
               Patricia Ord{\'o}{\~n}ez de Pablos},
  title     = {{An Extensible Framework to Sort out Nodes in Graph-Based
               Structures Powered by the Spreading Activation Technique:
               The ONTOSPREAD Approach}},
  journal   = {IJKSR},
  volume    = {3},
  number    = {4},
  year      = {2012},
  pages     = {57-71},
  ee        = {http://dx.doi.org/10.4018/jksr.2012100106},
  bibsource = {DBLP, http://dblp.uni-trier.de}
}



@Misc{d2010,
author = {European Commission},
title = {{Public procurement indicators 2009}},
month = nov,
year = {2010},
note = {\url{http://ec.europa.eu/internal_market/publicprocurement/docs/indicators2010_en.pdf}}
}

@Misc{d2010a,
author = {European Commission},
title = {{Consultation on the Green paper on expanding the use of e-Procurement in the EU}},
month = oct,
year = {2010},
note = {\url{http://ec.europa.eu/internal_market/consultations/docs/2010/e-procurement/green-paper_en.pdf}}
}


@article{Podlogar2007,
 author = {Mateja Podlogar},
 title = {{Chapter III e-Procurement Success Factors: Challenges and Opportunities for a Small Developing Country}},
 journal = {{e-Procurement in Emerging Economies Theory and Cases, Editors Pani and Agrahari, Group Publishing}},
 year = {2007}
 }

@Misc{siemensEval,
author = {European Commission Internal Market Directorate-General},
title = {{Study on the evaluation of the Action Plan for the implementation of the legal framework for electronic procurement (Phase II). Analysis, assessment and recommendation}},
month = jul,
year = {2010},
url={http://ec.europa.eu/internal_market/consultations/docs/2010/e-procurement/siemens-study_en.pdf}
}


@Misc{d2011,
author = {European Commission},
title = {{Modernising European public procurement to support growth and employment}},
month = oct,
year = {2011},
note = {\url{http://europa.eu/rapid/pressReleasesAction.do?reference=IP/11/1580}}
}


@Misc{monti2010,
author = {Mario Monti},
title = {{A New Strategy for the Single Market – At the Service of Europe's Economy and Society}},
month = may,
year = {2010},
note = {\url{http://ec.europa.eu/bepa/pdf/monti_report_final_10_05_2010_en.pdf}}
}

@Misc{linked-data-cloud,
author = {Cyganiak, Richard and Jentzsch, Anja},
title = {{The Linking Open Data cloud diagram}},
month = sep,
year = {2011},
note = {\url{http://richard.cyganiak.de/2007/10/lod/}}
}


@misc{Berners-Lee-2006,
  author = {Berners-Lee, Tim},
  title = {{Linked Data}},
  note = {\url{http://www.w3.org/DesignIssues/LinkedData.html}},
  year = 2006,
  month = {jul}
}


@inproceedings{Leukel-ecatalog2005,
 author = {Volker Schmitz and Joerg Leukel and Frank-Dieter Dorloff},
 title = {{Do E-Catalog Standards Support Advanced Processes in B2B E-Commerce? Findings from the CEN/ISSS Workshop eCAT}},
 booktitle = {HICSS '05: Proceedings of the Proceedings of the 38th Annual Hawaii International Conference on System Sciences (HICSS'05) - Track 7},
 year = {2005},
 isbn = {0-7695-2268-8-7},
 pages = {162.3},
 doi = {http://dx.doi.org/10.1109/HICSS.2005.209},
 publisher = {IEEE Computer Society},
 address = {Washington, DC, USA},
 }


@inproceedings{Leukel-standard,
  author = {Joerg Leukel},
  title = {{Standardization of product Ontologies in B2B relationships, On the role of ISO 13584}},
  booktitle={Proceedings of the Tenth Americas Conference on Information Systems},
  address = {New York, United States},
  pages = {4084-4091},
  year = {2004},
}

@inproceedings{Leukel-automating,
  author = {Joerg Leukel},
  title = {Automating Product Classification: The},
  booktitle={Proceedings of the IADIS International Conference e-Society 2004 (ES 2004)},
  address = {Ávila, Spain},
  year = {2004},
}

@article{Leukel-comparative,
  author = {Joerg Leukel and Gregory Maniatopoulos},
  title = {A Comparative Analysis of Product Classification in Public vs. Private e-Procurement},
  journal={The Electronic Journal of e-Government (EJEG)},
  vol={3},
  number={4},
  pages = {201-212}, 
  year = {2005},
}

@article{Leukel-findings,
  author = {Volker Schmitz and Joerg Leukel},
  title = {{Findings and Recommendations from a Pan-European Research Project: Comparative Analysis of E-Catalog Standards}},
  journal={International Journal of IT Standards and Standardization Research (JITSR), Idea Group},
  vol={3},
  number={2},
  pages = {51-65}, 
  year = {2005},
}

@inproceedings{FenselOmel2001,
 author = {Borys Omelayenko and Dieter Fensel},
 title = {{An Analysis of B2B Catalogue Integration Problems}},
 booktitle = {Proceedings of the International Conference on Enterprise Information Systems (ICEIS-2001)},
 address = {Setúbal,Portugal},
 year = {2001},
 }

@article{FenselDing2001,
 author = {Dieter Fensel and Ying Ding and Borys Omelayenko },
 title = {{Product Data Integration in B2B E-commerce}},
 journal = {IEEE-Intelligent E-Business}, 
 pages = {54-59}, 
 year = {2001},
 }

@article{DBLP:journals/tcci/Alor-HernandezAJPRMBG10,
  author    = {Giner Alor-Hern{\'a}ndez and
               Juan Miguel G{\'o}mez Berb\'{\i}s and
               Alejandro Rodr\'{\i}guez Gonz{\'a}lez et al.},
  title     = {{HYDRA: A Middleware-Oriented Integrated Architecture for e-Procurement in Supply Chains}},
  journal   = {T. Computational Collective Intelligence},
  volume    = {1},
  year      = {2010},
  pages     = {1-20},
  ee        = {http://dx.doi.org/10.1007/978-3-642-15034-0_1},
  bibsource = {DBLP, http://dblp.uni-trier.de}
}

@Misc{d2008,
author = {European Commission},
title = {{European Code of best practices facilitating access by SMEs to public procurement contracts}},
month = oct,
year = {2008},
note = {\url{http://ec.europa.eu/internal_market/publicprocurement/docs/sme_code_of_best_practices_en.pdf}}
}



@inproceedings{loted,
	Address = {Lisbon, Portugal},
	Author = {Francesco Valle, Mathieu d’Aquin, Tommaso Di Noia and Enrico Motta},
	Booktitle = {{EKAW workshop on Knowledge Injection into and Extraction from Linked Data (KIELD2010)}},
	Title = {{LOTED: Exploiting Linked Data in Analyzing European Procurement Notices}},
	Editor = {Presutti, V. and Svatek, V. and Sharffe, F.},
	Year = {2010},
	Month = {October}}
	
	
@Misc{lod2-project,
author = {LOD2 European Project FP7.},
title = {{ LOD2 -- Creating Knowledge out of Interlinked Data.}},
month = aug,
year = {2010},
note = {\url{http://lod2.eu}}
}


@Misc{planet-data-project,
author = {PlanetData European Project FP7.},
title = {{PlanetData. A European Network of Excellence on Large-Scale Data Management}},
month = jun,
year = {2013},
note = {\url{http://planet-data.eu/}}
}


@Misc{lapsi-project,
author = {LAPSI Project FP7.},
title = {{The European Thematic Network on Legal Aspects of Public Sector Information}},
month = jun,
year = {2013},
note = {\url{http://www.lapsi-project.eu/}}
}


@Misc{latc-project,
author = {LATC Project FP7},
title = {{Linked Open Data Around-The-Clock}},
month = jun,
year = {2013},
note = {\url{http://latc-project.eu/}}
}


@Misc{open-spending,
author = {Open Knowledge Foundation},
title = {{Open Spending: Mapping the money}},
month = jun,
year = {2013},
note = {\url{http://openspending.org/}}
}



@inproceedings{publicspending,
	Address = {Samos, Greece},
	Author = {Michail Vafolopoulos, Jose Mar\'{i}a Alvarez Rodr\'{i}guez, Marios Meimaris, Giannis Xidias, Giorgos Vafeiadis and Michalis Klonaras},
	Booktitle = {{Samos 2013 Summit on Digital Innovation for Government, Business and Society}},
	Title = {{Publicspending.net: it's time to follow the trillions}},	
	Year = {2013},
	Month = {July}}
	
	
	
@inproceedings{DBLP:conf/jcdl/Soergel05,
  author    = {Dagobert Soergel},
  title     = {{Thesauri and ontologies in digital libraries}},
  booktitle = {JCDL},
  year      = {2005},
  pages     = {421},
  ee        = {http://doi.acm.org/10.1145/1065385.1065526},
  crossref  = {DBLP:conf/jcdl/2005},
  bibsource = {DBLP, http://dblp.uni-trier.de}
}

@inproceedings{DBLP:conf/esws/AssemMMS06,
  author    = {Mark van Assem and
               V{\'e}ronique Malais{\'e} and
               Alistair Miles and
               Guus Schreiber},
  title     = {{A Method to Convert Thesauri to SKOS}},
  booktitle = {ESWC},
  year      = {2006},
  pages     = {95-109},
  ee        = {http://dx.doi.org/10.1007/11762256_10},
  crossref  = {DBLP:conf/esws/2006},
  bibsource = {DBLP, http://dblp.uni-trier.de}
}


@article{Hepp:2007:POR:1256315.1256337,
 author = {Hepp, Martin},
 title = {{Possible Ontologies: How Reality Constrains the Development of Relevant Ontologies}},
 journal = {IEEE Internet Computing},
 issue_date = {January 2007},
 volume = {11},
 number = {1},
 month = jan,
 year = {2007},
 issn = {1089-7801},
 pages = {90--96},
 numpages = {7},
 url = {http://dx.doi.org/10.1109/MIC.2007.20},
 doi = {10.1109/MIC.2007.20},
 acmid = {1256337},
 publisher = {IEEE Educational Activities Department},
 address = {Piscataway, NJ, USA},
 keywords = {Semantic Web, ontology, ontology, Semantic Web},
} 


@article{Lonsdale:2010:ROL:1743778.1744005,
 author = {Lonsdale, Deryle and Embley, David W. and Ding, Yihong and Xu, Li and Hepp, Martin},
 title = {{Reusing ontologies and language components for ontology generation}},
 journal = {Data Knowl. Eng.},
 issue_date = {April, 2010},
 volume = {69},
 number = {4},
 month = apr,
 year = {2010},
 issn = {0169-023X},
 pages = {318--330},
 numpages = {13},
 url = {http://dx.doi.org/10.1016/j.datak.2009.08.003},
 doi = {10.1016/j.datak.2009.08.003},
 acmid = {1744005},
 publisher = {Elsevier Science Publishers B. V.},
 address = {Amsterdam, The Netherlands, The Netherlands},
 keywords = {Concept matching, Constraint discovery, Ontology generation, Ontology reuse},
} 

@article{Hepp:2006:SWS:1128590.1128683,
 author = {Hepp, Martin},
 title = {{Semantic Web and Semantic Web Services: Father and Son or Indivisible Twins?}},
 journal = {IEEE Internet Computing},
 issue_date = {March 2006},
 volume = {10},
 number = {2},
 month = mar,
 year = {2006},
 issn = {1089-7801},
 pages = {85--88},
 numpages = {4},
 url = {http://dx.doi.org/10.1109/MIC.2006.42},
 doi = {10.1109/MIC.2006.42},
 acmid = {1128683},
 publisher = {IEEE Educational Activities Department},
 address = {Piscataway, NJ, USA},
 keywords = {OWL-S, SPAR, SWSL, Semantic Web, Semantic Web Services Language, Semantic Web services, Semantic Web, Semantic Web services, data annotation, Web services modelling ontology, WSMO, Semantic Web Services Language, SWSL, OWL-S, SPAR, WSMO, Web services modelling ontology, data annotation},
} 

@article{DBLP:journals/ijseke/AlvarezLSASL12,
  author    = {Jose Mar\'{\i}a {\'A}lvarez Rodr\'{\i}guez and
               Jos{\'e} Emilio Labra Gayo and
               Francisco Adolfo Cifuentes Silva and
               Giner Alor-Hern{\'a}ndez and
               Cuauht{\'e}moc S{\'a}nchez and
               Jaime Alberto Guzm{\'a}n Luna},
  title     = {{Towards a Pan-European E-Procurement Platform to Aggregate,
               Publish and Search Public Procurement Notices Powered by
               Linked Open Data: the MOLDEAS Approach}},
  journal   = {International Journal of Software Engineering and Knowledge
               Engineering},
  volume    = {22},
  number    = {3},
  year      = {2012},
  pages     = {365-384},
  ee        = {http://dx.doi.org/10.1142/S0218194012400086},
  bibsource = {DBLP, http://dblp.uni-trier.de}
}

@book{Heath_Bizer_2011, 
 title={{Linked Data: Evolving the Web into a Global Data Space}},
 volume={1}, 
 url={http://www.morganclaypool.com/doi/abs/10.2200/S00334ED1V01Y201102WBE001}, 
 number={1}, 
 journal={Synthesis Lectures on the Semantic Web Theory and Technology}, 
 publisher={Morgan \& Claypool}, 
 author={Tom Heath and Christian Bizer}, 
 editor={Van Harmelen, Frank and Hendler, JamesEditors}, 
 year={2011}, 
 pages={1--136}
}

@techreport{lodq,
  author = {Olye Rickson, Alvaro Graves},
  title = {{LOD Data Quality Vocabulary: LODQ}},
  institution = {{Linking Open Government Data}},
  year = {2011},
  type = {{Working Draft}},
  note = {\url{http://logd.tw.rpi.edu/lodq}}
}



@inproceedings{DBLP:conf/ipaw/HartigZ10,
  author    = {Olaf Hartig and Jun Zhao},
  title     = {{Publishing and Consuming Provenance Metadata on the Web of Linked Data}},
  booktitle = {IPAW},
  year      = {2010},
  pages     = {78--90}
}

@inproceedings{DBLP:conf/closer/HausenblasGHC12,
  author    = {Michael Hausenblas and
               Robert Grossman and
               Andreas Harth and
               Philippe Cudr{\'e}-Mauroux},
  title     = {{Large-scale Linked Data Processing - Cloud Computing to
               the Rescue?}},
  booktitle = {CLOSER},
  year      = {2012},
  pages     = {246-251},
  crossref  = {DBLP:conf/closer/2012},
  bibsource = {DBLP, http://dblp.uni-trier.de}
}

%Not in use

@Misc{linked-data-patterns,
author = {Leigh Dodds and Ian Davis},
title = {{Linked Data Patterns. A pattern catalogue for modelling, publishing, and consuming Linked Data}},
month = aug,
year = {2011},
note = {\url{http://patterns.dataincubator.org/book/}}
}

@Misc{peppol,
author = {European Commission},
title = {{Pan-European Public Procurement Online (PEPPOL}},
month = jun,
year = {2013},
note = {\url{http://www.peppol.eu}}
}


@Misc{e-certis,
author = {European Commission},
title = {{eCERTIS}},
month = jun,
year = {2013},
note = {\url{http://ec.europa.eu/markt/ecertis}}
}



@Misc{eNotices,
author = {European Commission},
title = {{e-Notices}},
month = jun,
year = {2013},
note = {\url{http://simap.europa.eu/enotices}}
}


@Misc{formsTed,
author = {European Commission},
title = {{Standard forms for public procurement}},
month = jun,
year = {2013},
note = {\url{http://simap.europa.eu/buyer/forms-standard/index_en.htm}}
}



@Misc{d2003-update,
author = {European Commission},
title = {{Digital Agenda: Turning government data into gold.}},
month = dec,
year = {2012},
note = {\url{http://europa.eu/rapid/pressReleasesAction.do?reference=IP/11/1524&format=HTML&aged=0&language=en&guiLanguage=en}}
}


@Misc{d2003,
author = {European Parliament and European Council},
title = {{Directive 2003/98/EC of the European Parliament and of the Council of 17 November 2003 on the re-use of public sector information.}},
month = nov,
year = {2003},
note = {\url{http://ec.europa.eu/information_society/policy/psi/docs/pdfs/directive/psi\_directive\_en.pdf}}
}






 
 
@ARTICLE{Berners-Lee2001,
  author = {Tim Berners-Lee and James Hendler and Ora Lassila},
  title = {{T}he {S}emantic {W}eb},
  journal = {Scientific American},
  year = {2001},
  volume = {284},
  pages = {34-43},
  number = {5},
  month = {May},
  biburl = {http://www.bibsonomy.org/bibtex/2222934145a71a9d6cfbbb375d4d62c1d/marciomr},
  keywords = {semantic_web },
  lastdatemodified = {2007-04-27},
  lastname = {Berners-Lee},
  own = {notown},
  read = {notread},
  url = {http://www.ryerson.ca/~dgrimsha/courses/cps720_02/resources/Scientific%20American%20The%20Semantic%20Web.htm}
}

  
  
@TechReport{best-gld,
  author =       {W3C Members},
  title =        {{Best Practices Discussion Summary}},
  institution =  {W3C},
  year =         {2011},
  type = {{W3C} Government Linked Data Working Group First F2F},
  note = {\url{http://www.w3.org/2011/gld/wiki/Best_Practices_Discussion_Summary}}
}


@TechReport{Berr08,
	author = "D. Berrueta and J. Phipps and A. Miles and T. Baker and R. Swick",
	keywords = "linked-data, rdf, semantic-web",
	institution =  {W3C},
	month = {aug},
	posted-at = "2009-12-21 15:21:28",
	title = "{Best Practice Recipes for Publishing RDF Vocabularies}",
	url = "http://www.w3.org/TR/swbp-vocab-pub/",
	year = "2008",
	type="W3C Working Group Note"
}


@TechReport{linked-data-cookbook,
  author =       {Bernadette Hyland and  Boris Villazón Terrazas and S. Capadisli},
  title =        {{Cookbook for Open Government Linked Data }},
  institution =  {W3C},
  year =         {2011},
  type = {{W3C} Task Force-Government Linked Data Group},
  note = {\url{http://www.w3.org/2011/gld/wiki/Linked_Data_Cookbook}}
}

@TechReport{gld-lifecycle,
  author =       {Michael Hausenblas and Boris Villazón-Terrazas and Bernadette Hyland},
  title =        {{GLD Life cycle}},
  institution =  {W3C},
  year =         {2011},
  type = {{W3C} Government Linked Data Group},
  note = {\url{http://www.w3.org/2011/gld/wiki/GLD_Life_cycle}}
}



@TechReport{publishing-ogd,
  author =       {D. Bennett and A. Harvey},
  title =        {{Publishing Open Government Data}},
  institution =  {W3C},
  year =         {2009},
  type = {{W3C} Working Draft},
  note = {\url{http://www.w3.org/TR/gov-data/}}
}

@techreport{lod2-stack,
  author = {TenForce},
  title = {{D1.4 – Early LOD2 Stack prototype}},
  institution = {LOD2 Project},
  year = {2011},
  type = {{Deliverable of European Project}},
  note = {\url{http://static.lod2.eu/Deliverables/LOD2_D1.4_Early_Stack_Prototype.pdf}},
}


@TechReport{void,
  author =       {K. Alexander and R. Cyganiak and M. Hausenblas and J. Zhao },
  title =        {{Describing Linked Datasets with the VoID Vocabulary}},
  institution =  {W3C},
  year =         {2011},
  type = {{W3C} Interest Group Note},
  note = {\url{http://www.w3.org/TR/void/}}
}


@Misc{linked-data-cloud,
author = {R. Cyganiak and A. Jentzsch},
title = {{The Linking Open Data cloud diagram}},
month = nov,
year = {2011},
note = {\url{http://richard.cyganiak.de/2007/10/lod/}}
}


@TechReport{Sparql11,
  author =       {Eric Prud'hommeaux and Andy Seaborne},
  title =        {{SPARQL} {Q}uery {L}anguage for {RDF}},
  institution =  {W3C},
  year =         {2007},
  type = {{W3C} Recommendation},
  note = {http://www.w3.org/TR/rdf-sparql-query/}
}


@TechReport{basic-profile-w3c,
  author =       {M. Nally, S. Speicher, J. Arwe and A. Le Hors},
  title =        {{Linked Data Basic Profile 1.0}},
  institution =  {W3C},
  year =         {2012},
  type = {{W3C Member Submission}},
  note = {\url{http://www.w3.org/Submission/2012/02/}}
}


@inproceedings{DBLP:conf/semweb/JentzschIB10,
  author    = {Anja Jentzsch and
               Robert Isele and
               Christian Bizer},
  title     = {{Silk - Generating RDF Links while Publishing or Consuming
               Linked Data}},
  booktitle = {ISWC Posters{\&}Demos},
  year      = {2010},
  ee        = {http://ceur-ws.org/Vol-658/paper519.pdf},
  crossref  = {DBLP:conf/semweb/2010pd},
  bibsource = {DBLP, http://dblp.uni-trier.de}
}



@inproceedings{DBLP:conf/semweb/IseleB11,
  author    = {Robert Isele and
               Christian Bizer},
  title     = {{Learning linkage rules using genetic programming}},
  booktitle = {OM},
  year      = {2011},
  ee        = {http://ceur-ws.org/Vol-814/om2011_Tpaper2.pdf},
  crossref  = {DBLP:conf/semweb/2011om},
  bibsource = {DBLP, http://dblp.uni-trier.de}
}

@inproceedings{siedl2008,
  author    = {Luis Polo and Jose María Alvarez and Emilio Rubiera},
  title     = {{Promoting Government Controlled Vocabularies for the Semantic Web: the EUROVOC Thesaurus and the CPV Product Classification System}},
  booktitle = {Proceedings of the First Workshop on Semantic Interoperability in the European Digital Library (SIEDL)},
  year      = {2008},
}



@inproceedings{DBLP:conf/i-semantics/MendesJGB11,
  author    = {Pablo N. Mendes and
               Max Jakob and
               Andr{\'e}s Garc\'{\i}a-Silva and
               Christian Bizer},
  title     = {{DBpedia spotlight: shedding light on the web of documents}},
  booktitle = {I-SEMANTICS},
  year      = {2011},
  pages     = {1-8},
  ee        = {http://doi.acm.org/10.1145/2063518.2063519},
  crossref  = {DBLP:conf/i-semantics/2011},
  bibsource = {DBLP, http://dblp.uni-trier.de}
}



%Spreading Activation

@article{Collins_Loftus_1975, 
title={A spreading activation theory of semantic processing}, volume={82}, 
url={http://content.apa.org/journals/rev/82/6/407}, 
number={6}, 
journal={Psychological Review}, 
author={Allan M. Collins and Elizabeth F. Loftus}, 
year={1975}, 
pages={407-428}}

@phdthesis{Scott1981,
 author = {Scott E. Preece},
 title = {{A} {S}preading {A}ctivation {N}etwork {M}odel for {I}nformation {R}etrieval},
 year = {1981},
 school={University Illinois, Urbana, IL, USA.},
 order_no = {AAI8203555}
 }
 


 
@inproceedings{Schumacher:2008:CFD:1789394.1789447,
 author = {Schumacher, Kinga and Sintek, Michael and Sauermann, Leo},
 title = {Combining fact and document retrieval with spreading activation for semantic desktop search},
 booktitle = {Proceedings of the 5th European semantic web conference on The semantic web: research and applications},
 series = {ESWC'08},
 year = {2008},
 isbn = {3-540-68233-3, 978-3-540-68233-2},
 location = {Tenerife, Canary Islands, Spain},
 pages = {569--583},
 numpages = {15},
 url = {http://dl.acm.org/citation.cfm?id=1789394.1789447},
 acmid = {1789447},
 publisher = {Springer-Verlag},
 address = {Berlin, Heidelberg},
} 

@InProceedings{gouws-vanrooyen-engelbrecht:2010:CCSR,
  author    = {Stephan Gouws, G-J van Rooyen, and Herman A. Engelbrecht},
  title     = {{Measuring Conceptual Similarity by Spreading Activation over Wikipedia's Hyperlink Structure}},
  booktitle = {Proceedings of the {2nd} Workshop on {The People's Web Meets NLP: Collaboratively Constructed Semantic Resources}},
  month     = {August},
  year      = {2010},
  address   = {Beijing, China},
  pages     = {46--54},
  url       = {http://www.aclweb.org/anthology/W10-3506}
}


@article{Katifori:2010:OBU:2298673.2298993,
 author = {Katifori, Akrivi and Vassilakis, Costas and Dix, Alan},
 title = {{Ontologies and the brain: Using spreading activation through ontologies to support personal interaction}},
 journal = {Cogn. Syst. Res.},
 issue_date = {March, 2010},
 volume = {11},
 number = {1},
 month = mar,
 year = {2010},
 issn = {1389-0417},
 pages = {25--41},
 numpages = {17},
 url = {http://dx.doi.org/10.1016/j.cogsys.2009.02.001},
 doi = {10.1016/j.cogsys.2009.02.001},
 acmid = {2298993},
 publisher = {Elsevier Science Publishers B. V.},
 address = {Amsterdam, The Netherlands, The Netherlands},
 keywords = {Ontology, Personal interaction, Personal ontology, Spreading activation, User tasks},
}

@INPROCEEDINGS{Troussov08miningsocio-semantic,
    author = {Alexander Troussov and John Judge and Dmitri Botvich},
    title = {{Mining socio-semantic networks using spreading activation technique}},
    booktitle = {Proceedings of the 9th International Conference on Knowledge Management and Knowledge Technologies, 
    International Workshop on Knowledge Acquisition from the Social Web (KASW’08},
    year = {2008}
}

@article{LabraGayo:2010:WAS:1668126.1668147,
 author = {Labra Gayo, Jose Emilio and de Pablos, Patricia Ord\'{o}\~{n}ez and Cueva Lovelle, Juan Manuel},
 title = {{WESONet: Applying semantic web technologies and collaborative tagging to multimedia web information systems}},
 journal = {Comput. Hum. Behav.},
 issue_date = {March, 2010},
 volume = {26},
 number = {2},
 month = mar,
 year = {2010},
 issn = {0747-5632},
 pages = {205--209},
 numpages = {5},
 url = {http://dx.doi.org/10.1016/j.chb.2009.10.004},
 doi = {10.1016/j.chb.2009.10.004},
 acmid = {1668147},
 publisher = {Elsevier Science Publishers B. V.},
 address = {Amsterdam, The Netherlands, The Netherlands},
 keywords = {Collaborative tagging, Multimedia web information systems, Semantic web technologies},
} 


@inproceedings{GelgiVD05,
  author    = {Fatih Gelgi and
               Srinivas Vadrevu and
               Hasan Davulcu},
  title     = {{I}mproving {W}eb {D}ata {A}nnotations with {S}preading {A}ctivation},
  booktitle = {WISE},
  year      = {2005},
  pages     = {95-106},  
}

@inproceedings{Chen:2007:PSA:1780653.1780702,
 author = {Chen, Abon and Chen, Hsin-Hsi and Huang, Polly},
 title = {{Predicting social annotation by spreading activation}},
 booktitle = {Proceedings of the 10th international conference on Asian digital libraries: looking back 10 years and forging new frontiers},
 series = {ICADL'07},
 year = {2007},
 isbn = {3-540-77093-3, 978-3-540-77093-0},
 location = {Hanoi, Vietnam},
 pages = {277--286},
 numpages = {10},
 url = {http://dl.acm.org/citation.cfm?id=1780653.1780702},
 acmid = {1780702},
 publisher = {Springer-Verlag},
 address = {Berlin, Heidelberg},
 keywords = {collaborative tagging, social annotation, spreading activation},
} 











@inproceedings{Gao:2008:SAR:1441425.1441845,
 author = {Gao, Qi and Yan, Junwei and Liu, Min},
 title = {A Semantic Approach to Recommendation System Based on User Ontology and Spreading Activation Model},
 booktitle = {Proceedings of the 2008 IFIP International Conference on Network and Parallel Computing},
 series = {NPC '08},
 year = {2008},
 isbn = {978-0-7695-3354-4},
 pages = {488--492},
 numpages = {5},
 url = {http://dx.doi.org/10.1109/NPC.2008.74},
 doi = {10.1109/NPC.2008.74},
 acmid = {1441845},
 publisher = {IEEE Computer Society},
 address = {Washington, DC, USA},
 keywords = {Recommendation System, User Ontology, Spreading Activation Model, Semantic Discovery},
} 


@inproceedings{Rocha:2004:HAS:988672.988723,
 author = {Rocha, Cristiano and Schwabe, Daniel and Aragao, Marcus Poggi},
 title = {{A hybrid approach for searching in the semantic web}},
 booktitle = {Proceedings of the 13th international conference on World Wide Web},
 series = {WWW '04},
 year = {2004},
 isbn = {1-58113-844-X},
 location = {New York, NY, USA},
 pages = {374--383},
 numpages = {10},
 url = {http://doi.acm.org/10.1145/988672.988723},
 doi = {10.1145/988672.988723},
 acmid = {988723},
 publisher = {ACM},
 address = {New York, NY, USA},
 keywords = {network analysis, ontologies, semantic associations, semantic search, semantic web, spread activation algorithms},
}


@inproceedings{DBLP:conf/jckbse/BerruetaGP06,
  author    = {Diego Berrueta and
               Jos{\'e} Emilio Labra Gayo and
               Luis Polo},
  title     = {{Searching over Public Administration Legal Documents Using
               Ontologies}},
  booktitle = {JCKBSE},
  year      = {2006},
  pages     = {167-175},
  ee        = {http://www.booksonline.iospress.nl/Content/View.aspx?piid=1607},
  crossref  = {DBLP:conf/jckbse/2006},
  bibsource = {DBLP, http://dblp.uni-trier.de}
}



@article{Nie:2003:QEQ:767396.767402,
 author = {Nie, Jian-Yun},
 title = {{Query expansion and query translation as logical inference}},
 journal = {J. Am. Soc. Inf. Sci. Technol.},
 issue_date = {February 15, 2003},
 volume = {54},
 number = {4},
 month = feb,
 year = {2003},
 issn = {1532-2882},
 pages = {335--346},
 numpages = {12},
 url = {http://dx.doi.org/10.1002/asi.10214},
 doi = {10.1002/asi.10214},
 acmid = {767402},
 publisher = {John Wiley \& Sons, Inc.},
 address = {New York, NY, USA},
} 



@article{Cui:2003:QEM:1435677.858986,
 author = {Cui, Hang and Wen, Ji-Rong and Nie, Jian-Yun and Ma, Wei-Ying},
 title = {{Query Expansion by Mining User Logs}},
 journal = {IEEE Trans. on Knowl. and Data Eng.},
 issue_date = {July 2003},
 volume = {15},
 number = {4},
 month = jul,
 year = {2003},
 issn = {1041-4347},
 pages = {829--839},
 numpages = {11},
 url = {http://dx.doi.org/10.1109/TKDE.2003.1209002},
 doi = {10.1109/TKDE.2003.1209002},
 acmid = {858986},
 publisher = {IEEE Educational Activities Department},
 address = {Piscataway, NJ, USA},
 keywords = {Query expansion, user log, probabilistic model, information retrieval, search engine.},
} 


@article{Bizer2009QA,
 author = {Bizer, Christian and Cyganiak, Richard},
 title = {{Quality-driven information filtering using the WIQA policy framework}},
 journal = {Web Semant.},
 issue_date = {January, 2009},
 volume = {7},
 number = {1},
 month = jan,
 year = {2009},
 issn = {1570-8268},
 pages = {1--10},
 numpages = {10},
 url = {http://dx.doi.org/10.1016/j.websem.2008.02.005},
 doi = {10.1016/j.websem.2008.02.005},
 acmid = {1482280},
 publisher = {Elsevier Science Publishers B. V.},
 address = {Amsterdam, The Netherlands, The Netherlands},
 keywords = {Information quality, Quality-driven information filtering, Semantic Web},
} 



@article{DBLP:journals/ws/HoganUHCPD12,
  author    = {Aidan Hogan and
               J{\"u}rgen Umbrich and
               Andreas Harth and
               Richard Cyganiak and
               Axel Polleres and
               Stefan Decker},
  title     = {{An empirical survey of Linked Data conformance}},
  journal   = {J. Web Sem.},
  volume    = {14},
  year      = {2012},
  pages     = {14-44},
  ee        = {http://dx.doi.org/10.1016/j.websem.2012.02.001},
  bibsource = {DBLP, http://dblp.uni-trier.de}
}

@article{DBLP:journals/ws/BonattiHPS11,
  author    = {Piero A. Bonatti and
               Aidan Hogan and
               Axel Polleres and
               Luigi Sauro},
  title     = {{Robust and scalable Linked Data reasoning incorporating
               provenance and trust annotations}},
  journal   = {J. Web Sem.},
  volume    = {9},
  number    = {2},
  year      = {2011},
  pages     = {165-201},
  ee        = {http://dx.doi.org/10.1016/j.websem.2011.06.003},
  bibsource = {DBLP, http://dblp.uni-trier.de}
}


@article{DBLP:journals/ws/UrbaniKMHB12,
  author    = {Jacopo Urbani and
               Spyros Kotoulas and
               Jason Maassen and
               Frank van Harmelen and
               Henri E. Bal},
  title     = {{WebPIE: A Web-scale Parallel Inference Engine using MapReduce}},
  journal   = {J. Web Sem.},
  volume    = {10},
  year      = {2012},
  pages     = {59-75},
  ee        = {http://dx.doi.org/10.1016/j.websem.2011.05.004},
  bibsource = {DBLP, http://dblp.uni-trier.de}
}

